4500 5834
754 753 1166 886 carosi-iius,
1300 759 1534 852 risuum.
1627 794 1656 877 φ
1720 744 1785 756 ”

583 1001 748 1092 ptoribus,
770 992 937 1063 aanor?
956 990 1045 1060 Nam
1062 992 1138 1060 inde
1155 991 1265 1060 videas
1280 993 1468 1082 audiasque,
1493 996 1535 1064 ad
1559 1000 1653 1067 mira·

581 1086 691 1154 mlum
708 1099 830 1168 usque,
853 1078 884 1143 dt
908 1074 994 1164 quasi
1018 1093 1084 1146 uno
1105 1095 1163 1145 ore
1184 1083 1325 1156 omnes,
1347 1079 1381 1149 ln
1407 1081 1537 1148 citando
1559 1084 1656 1151 nobis

578 1170 731 1247 Catone,
756 1163 802 1233 nil
826 1160 881 1229 nisi
897 1161 1036 1229 mestrem
1056 1161 1170 1241 illum,
1193 1179 1290 1248 quein
1310 1163 1357 1230 ita
1375 1165 1547 1232 traditione
1562 1186 1655 1234 acce-

579 1275 679 1345 pere,
701 1257 841 1318 menium
865 1262 1052 1333 crepantes3
1076 1246 1182 1314 donec
1201 1247 1362 1334 antiquam
1379 1246 1574 1329 leffimem,
1596 1272 1653 1317 ve·

580 1335 718 1424 malique
744 1329 926 1418 &plenius
952 1327 1076 1415 insuper
1102 1328 1247 1398 Audoris
1274 1349 1393 1399 nomen
1458 1353 1500 1400 ex
1523 1321 1658 1402 vetustd

579 1423 699 1491 codice
719 1415 855 1484 deinum
878 1414 970 1482 nobis
998 1411 1178 1481 restituisset
1206 1412 1360 1503 Josephus
1380 1377 1540 1505 Sdaligen
1564 1419 1656 1503 cujus

580 1521 760 1591 numquam
785 1498 1023 1565 intermoritura
1048 1493 1120 1594 sunt
1149 1499 1191 1565 de
1225 1497 1374 1567 Romano
1398 1499 1463 1572 hoc
1491 1501 1559 1569 Scri
1584 1518 1656 1569 tore

583 1590 710 1660 merita
734 1580 871 1681 Quodsi
887 1578 987 1669 ipsum
1005 1579 1229 1651 Policraticum
1246 1573 1293 1649 illi
1319 1581 1465 1652 homines
1482 1522 1592 1673 paulfir
1610 1587 1656 1662 di-

586 1674 734 1762 ligentius
756 1664 968 1746 evolvissem,
991 1667 1033 1733 de
1058 1686 1119 1747 eo,
1144 1686 1241 1754 quein
1258 1683 1380 1736 noser
1396 1667 1467 1736 adle
1491 1670 1549 1735 atis
1565 1668 1598 1737 su
1623 1682 1657 1737 ra

584 1759 694 1822 verbio
712 1752 883 1829 elicimus,
912 1749 1160 1837 sensu'dubitare
1178 1753 1274 1849 plane
1291 1772 1358 1821 non
1375 1687 1573 1840 potuissent:
1597 1690 1654 1817 (si.
1772 1792 1777 1801 ·

583 1839 662 1906 dere
680 1838 769 1904 enim
788 1849 858 1903 erat
868 1877 879 1913 ‚
903 1834 1077 1934 iiuetqrem
1092 1837 1163 1922 ejus
1185 1855 1220 1932 ¹¹¹.
1233 1834 1569 1933 citandisveteribus,
1581 1834 1660 1914 ἀπε

581 1917 1570 2077 vinam

594 2027 656 2075 um
1374 2025 1382 2067 i
1621 2025 1658 2070 o.

581 2079 737 2160 minatirn
751 2022 965 2175 primatie,
997 2103 1110 2151 omnes
1136 2045 1236 2164 ver’o,
1262 2088 1491 2173 cujuscumque
1518 2048 1660 2169 ordinis,
1744 2156 1751 2171 ,

584 2173 646 2243 sub
665 2190 734 2239 uno
749 2170 861 2267 eodem
881 2189 922 2237 ue
939 2167 1157 2265 generaliore,
1181 2168 1238 2268 ¹'.fi
1260 2189 1302 2267 ue
1319 2171 1494 2239 admodum
1511 2171 1661 2239 adamato

587 2255 797 2406 cogiaplexiirr
815 2251 906 2401 finde
907 2268 1117 2402 ffigmffg
1134 2354 1176 2400 eo
1168 2189 1239 2324 [ΕΛ
1249 2254 1392 2405 offitia„
1403 2254 1497 2403 Ades?
1514 2274 1581 2322 non
1604 2276 1658 2353 cu-

592 2354 927 2503 {lidffisuuffiguod
943 2380 1107 2485 tanto'ma
1131 2352 1276 2484 isifiqtuali
1295 2415 1383 2485 foret
1395 2354 1661 2488 ffumigz'muilrnaffi

592 2507 687 2571 dum:
708 2503 792 2571 Aias
810 2511 920 2595 tamen
945 2502 1088 2568 breviter
1105 2438 1355 2586 dupliciterque
1377 2498 1542 2583 nostrisa,
1565 2500 1661 2580 Octo-

585 2608 666 2660 nem
680 2600 787 2655 vocat.
810 2583 863 2651 Sic
880 2579 952 2650 Lib.
964 2581 1007 2651 ΙΙ.
1032 2581 1111 2671 Cap.
1131 2601 1234 2650 xxvii.
1251 2604 1285 2673 p.
1298 2582 1369 2654 116.

705 2726 823 2811 Linque
846 2739 952 2788 ortana
971 2721 1033 2789 Dei
1052 2723 1205 2809 culmique
1224 2725 1387 2809 inquirere,
1408 2724 1479 2811 quid
1487 2722 1546 2809 fit,
1733 2822 1735 2825 ι

628 2864 688 2934 Ai'i
707 2863 786 2934 Caio.
814 2858 908 2928 Haec
931 2858 984 2927 alii
1011 2872 1086 2927 ante
1114 2878 1172 2926 nos
1201 2859 1268 2943 jam
1293 2860 1472 2942 viderunt,
1506 2864 1663 2954 nobisque

584 2952 676 3017 viam
697 2941 1006 3022 commonstrarent,
1033 2944 1167 3030 quibus,
1193 2945 1405 3024 eonomine,
1428 2946 1558 3033 publice
1578 2967 1665 3028 nunc

644 3049 694 3098 tes
710 3028 929 3118 persolvimus.
959 3026 1049 3095 Nam
1066 3029 1108 3094 ad
1126 3027 1286 3111 ejusmodi
1305 3027 1475 3108 minutias,
1498 3050 1541 3097 ne
1559 3031 1666 3100 dicam

586 3115 746 3203 ineptias,
763 3114 804 3181 ab
823 3110 879 3177 ista
902 3127 968 3178 tam
990 3110 1090 3178 nobili
1107 3112 1141 3177 in
1163 3112 1294 3177 citando
1314 3112 1541 3199 simplicitate,
1566 3115 1667 3182 hodie

586 3201 659 3269 scre
683 3196 801 3285 delapsi
821 3193 935 3264 sumus.
961 3194 1083 3260 Verum
1105 3196 1138 3260 id
1159 3196 1338 3274 miramur,
1369 3198 1554 3274 neminem,
1577 3201 1666 3285 quod

580 3284 746 3360 sciamus,
770 3284 802 3347 iii
825 3280 990 3364 egregium
1013 3277 1092 3343 illud
1112 3278 1252 3344 incidisse
1269 3299 1420 3358 carmen,
1443 3281 1532 3365 quod
1547 3279 1604 3349 sub
1624 3284 1664 3362 ti·
1716 3273 1724 3290 ⁶

587 3368 680 3437 tulo:
705 3365 854 3431 Aurora
877 3381 929 3428 iio
950 3380 1053 3426 onus
1078 3379 1212 3440 suuni,
1234 3362 1289 3450 ipsi
1311 3362 1452 3448 Prologo
1467 3365 1554 3431 idem
1575 3386 1666 3452 prae-

586 3447 721 3521 miserat
741 3445 909 3530 ]ohanncs.
932 3444 983 3512 Ibi
1010 3445 1118 3523 enim,
1141 3464 1208 3513 non
1226 3447 1363 3513 multum
1391 3461 1465 3515 ante
1481 3444 1599 3530 finem,
1621 3450 1670 3519 ita

583 3528 729 3602 scribit:
1350 3569 1353 3578 ·
1700 3586 1703 3591 .

675 3641 958 3736 Eflsivriqoii
989 3660 1144 3724 uiuis,
1167 3649 1306 3735 mostell
1321 3654 1570 3741 sementiam,
1613 3659 1620 3673 ·

713 3730 816 3832 Quom
831 3732 1078 3815 domnapetra,
1100 3726 1272 3797 Ertrtius
1288 3749 1370 3823 utque
1387 3741 1511 3812 erpo.

633 3869 769 3955 Reliqua
788 3865 905 3963 deinde
929 3863 1082 3934 Ennianis
1110 3867 1143 3933 ὅ(
1169 3865 1302 3937 Catonis
1329 3874 1427 3947 nostri
1458 3877 1665 3963 fragmentis,

567 3967 718 4025 ’rantum
737 3954 769 4019 iii
789 3952 962 4036 elegiacam
981 3947 1141 4017 transfusis
1165 3957 1259 4020 metri
1278 3955 1439 4037 formam,
1463 3981 1599 4051 occupat
1619 3985 1666 4033 at-

590 4057 659 4124 que
678 4036 787 4121 explet
805 4035 927 4106 omnia
955 4033 1004 4100 Ut
1021 4032 1149 4116 slatim,
1170 4036 1275 4107 altero
1293 4041 1366 4127 post
1389 4041 1559 4127 Disticho,
1579 4070 1669 4117 meii-

583 4141 663 4193 rein
682 4122 831 4189 binorum
848 4115 1120 4185 Catonianorum:

681 4257 772 4325 Uien
787 4253 920 4345 quoefilii
934 4259 1047 4342 opidis:
1060 4256 1137 4343 suge
1154 4278 1252 4326 nomen
1267 4265 1365 4326 avari.

672 4341 741 4448 Q
758 4346 811 4411 iiii·
827 4342 959 4424 dotia,
977 4340 1006 4430 fi
1015 4340 1129 4431 semper
1142 4356 1254 4446 pauper
1269 4345 1420 4413 aiamim?

1070 4458 1151 4544 {14
1413 4501 1420 4522 ι
1604 4467 1705 4541 Et·
