4500 5834
580 743 659 820 280
797 723 1123 808 HISTORIA
1161 726 1429 806 CRITICA

622 962 704 1028 Suo
715 976 826 1027 rcum
847 959 909 1022 hoc
935 951 1037 1022 rursus
1066 956 1098 1023 dc
1116 957 1158 1025 ad
1175 956 1257 1025 illius
1274 956 1401 1025 scholae
1419 953 1651 1049 praescriptum

579 1063 787 1126 normamque
814 1038 1019 1106 efformatum
1044 1039 1112 1119 est,
1135 1060 1235 1127 quae,
1259 1043 1334 1107 dum
1358 1043 1485 1109 divinae
1512 1048 1652 1114 multum

580 1128 774 1193 vindicatum
792 1121 823 1187 se
843 1123 888 1186 ire
906 1119 1046 1187 adsedet
1068 1141 1431 1203 ruovruaurrna,
1451 1128 1521 1211 plus
1541 1146 1653 1197 tamen

579 1208 682 1295 justo,
713 1225 747 1272 re
776 1203 839 1290 ipsa
863 1202 973 1288 passim
1002 1207 1112 1273 tribuit
1142 1206 1351 1293 adscribitque
1376 1210 1542 1278 humanae.
1586 1213 1655 1278 Eos

581 1294 665 1357 enim
682 1289 827 1354 homines
848 1286 878 1351 ἃ
898 1287 959 1354 'am
984 1286 1057 1356 alibi
1078 1288 1339 1367 observavimus,
1361 1311 1446 1378 pone
1461 1294 1542 1360 Dist.
1562 1294 1655 1391 supe·

578 1374 668 1444 rioris
691 1370 762 1437 libri
782 1306 949 1466 riguis,
979 1368 1022 1436 sui
1049 1372 1082 1438 in
1099 1373 1250 1458 eligendo
1269 1376 1391 1462 optima
1414 1397 1556 1462 quaeque
1574 1380 1653 1445 vrri-

579 1458 636 1523 bus
663 1455 780 1541 Judiaii
805 1472 938 1519 mmmm
965 1468 1117 1538 quantum
1146 1476 1294 1539 arrogare
1323 1459 1424 1525 laudis
1452 1459 1559 1526 solitos
1580 1507 1603 1538 ,.
1621 1461 1654 1525 dt
1682 1525 1686 1534 ,

577 1540 707 1603 aliunde
723 1533 870 1615 constat,
893 1534 982 1602 suurn
998 1556 1055 1603 eos
1072 1538 1118 1604 ita
1136 1536 1277 1605 formare
1293 1540 1476 1626 Sapientem
1494 1543 1651 1622 voluisse,

577 1638 632 1687 aut
652 1640 735 1685 vane
751 1620 873 1716 magis,
885 1640 980 1704 quarn
998 1638 1095 1698 vere,
1106 1620 1168 1687 eise
1198 1622 1346 1701 loriatos,
1357 1639 1392 1690 ut
1403 1626 1428 1689 is
1445 1648 1463 1691 a
1479 1628 1564 1693 nulla
1583 1648 1654 1693 um·

601 1725 673 1770 uam
690 1723 726 1771 re
741 1701 843 1781 iaedi,
866 1717 919 1769 aut
938 1700 1073 1787 superari
1091 1722 1151 1788 pro
1178 1726 1213 1771 us
1228 1704 1295 1771 ullo
1311 1707 1412 1771 modo
1428 1711 1511 1775 haud
1529 1710 1653 1805 potuis-

577 1724 645 1863 set,
670 1801 830 1934 tamtquam
849 1786 903 1870 qui
928 1804 963 1852 re
979 1805 1056 1853 vera
1082 1784 1178 1867 esset,
1200 1786 1299 1875 qualis
1317 1788 1509 1858 Homericus
1528 1794 1583 1859 rlle
1601 1791 1652 1859 se·

577 1872 705 1958 rebatur
755 1867 867 1955 lysias,

600 2031 603 2036 ·
693 2024 818 2041 --
841 1984 973 2074 adueffls
992 2004 1087 2054 tuum
1104 1987 1286 2075 immersabilis
1303 1994 1396 2060 indis.

578 2130 608 2198 E
633 2146 739 2196 tantae
766 2144 896 2215 tamque
926 2128 957 2196 su
983 2131 1078 2196 erbas
1102 2126 1236 2197 fastibus
1257 2133 1453 2215 arrogantiae
1471 2154 1536 2200 non
1558 2136 1658 2221 piane

576 2216 658 2281 nihil
677 2216 741 2295 jam
763 2213 918 2297 praecidit
970 2212 1080 2298 pidcti
1105 2213 1280 2295 modestia3
1303 2218 1394 2299 iubet
1409 2218 1556 2282 tamen&
1577 2218 1655 2303 ipse,

576 2298 747 2384 providum
775 2294 837 2360 esse
867 2297 899 2361 in
916 2297 1085 2372 omnibus,
1108 2296 1287 2395 Sapientiae
1300 2300 1491 2377 alumnum,
1514 2301 1657 2386 quaeque

578 2381 725 2448 accidere
742 2378 857 2463 poffint
869 2382 1000 2463 J'amjam
1018 2396 1092 2445 ante
1109 2400 1216 2448 ammo
1234 2382 1388 2467 colligere
1407 2384 1435 2446 dr
1454 2386 1652 2468 praevidere,

579 2482 676 2547 quam
697 2463 909 2544 contingant3
932 2482 1028 2547 porro
1046 2464 1176 2547 quicum
1198 2485 1238 2532 ue
1264 2464 1320 2532 ista
1344 2466 1415 2533 suae
1434 2466 1655 2553 Philosophiae

577 2549 729 2630 dogmata
755 2543 878 2611 sedulus
905 2546 937 2610 in
964 2549 1156 2630 exequendo
1173 2485 1230 2627 iit,
1253 2549 1288 2614 ei'
1301 2553 1366 2634 jam
1394 2553 1563 2636 aliquoties
1580 2572 1652 2637 pro

576 2632 760 2699 mittentem
775 2628 972 2694 audivimus:
998 2628 1136 2717 Fora,
1158 2650 1259 2698 uun
1287 2652 1465 2702 uanius
1495 2652 1654 2703 ursus·

578 2730 675 2783 Tun.
700 2710 772 2778 Vid.
793 2708 866 2778 Lib.
878 2710 904 2777 1.
925 2709 1113 2781 Dist.XIII.
1136 2714 1166 2779 dc
1184 2714 1311 2783 XXIII.

762 2850 1007 2913 OYAEIC
1051 2856 1118 2915 ΣΕ
1161 2861 1397 2920 sunuel.

581 2981 671 3075 Quid
687 2980 751 3046 hoc
769 2976 873 3054 aliud,
897 2996 992 3060 quam
1011 2977 1228 3042 invulnerabilis
1248 2977 1303 3045 ilie
1322 2978 1385 3054 eii,
1409 2976 1529 3043 saniore
1543 2991 1650 3043 tamen

581 3064 722 3133 quodam
750 3057 857 3135 sensu,
883 3060 1022 3125 Senecae
1048 3057 1277 3127 &Stoicorum
1305 3060 1458 3148 Sapieus‘.l
1488 3060 1648 3138 Senecae,

581 3152 733 3229 iuquam,
757 3146 810 3230 qui
830 3142 979 3226 inscripto
1005 3143 1045 3208 ad
1068 3142 1219 3210 Helviam
1248 3148 1288 3211 de
1311 3145 1531 3211 Consolatione
1547 3144 1652 3221 lihro,

582 3234 613 3296 ἃ
634 3236 711 3315 ''ap.
733 3230 862 3313 quidem
882 3227 972 3295 XIII.
993 3247 1041 3312 ap.
1063 3224 1177 3295 Eizev.
1197 3228 1294 3294 Tom.
1317 3230 1341 3295 Ι.
1362 3250 1432 3315 pag.
1458 3245 1524 3305 lla.
1544 3226 1652 3305 hisce,

582 3335 674 3382 more
699 3313 775 3393 suu,
799 3311 975 3397 magnificis
987 3312 1090 3380 utitur
1109 3313 1233 3378 verbis:
1260 3315 1292 3377 Si
1318 3331 1413 3379 contro
1446 3315 1654 3396 rnnvnquamli-

582 3408 626 3465 lia
649 3411 759 3484 partem
778 3395 911 3476 ¹sortiunt
928 3394 1004 3479 solis
1030 3397 1084 3461 liii
1110 3399 1212 3461 roboris
1237 3393 1296 3478 esi,
1315 3399 1389 3462 idem
1408 3393 1541 3479 adversm
1565 3415 1656 3461 omnes

582 3485 647 3549 erit.
684 3484 764 3547 Cum
791 3480 871 3553 semel
897 3484 1024 3546 animum
1055 3478 1160 3543 Virtus
1187 3481 1338 3546 induravit
1365 3493 1569 3561 umorque
1597 3495 1655 3542 trv-

478 3567 482 3582 '
578 3580 960 3641 vunurrunaurtu,
982 3556 1113 3647 praesint.
1145 3562 1206 3630 Pro
1232 3582 1296 3645 quo
1326 3579 1550 3633 ruvrcrurt
1575 3575 1658 3647 atque

582 3665 977 3723 rrvvuurtnunruur,
1002 3647 1126 3712 diceret
1146 3644 1280 3712 Cicero:
1305 3647 1424 3714 Verum
1442 3666 1507 3711 non
1526 3644 1654 3712 hocest

582 3734 684 3801 solnm
706 3776 716 3806 ,
741 3732 855 3813 inquo
878 3751 896 3797 a
917 3731 1097 3801 Stoicorum
1120 3730 1264 3812 placitis,
1296 3752 1370 3797 cum
1397 3730 1560 3806 didioue,
1586 3744 1653 3794 turn

581 3816 756 3889 sententia,
779 3814 914 3881 muitum
934 3813 989 3879 ille
1013 3811 1152 3879 diversus
1176 3816 1251 3881 abit.
1285 3814 1374 3892 Nos,
1398 3815 1429 3879 in
1450 3832 1559 3883 earum
1579 3832 1653 3879 neu-

581 3918 648 3977 tra,
668 3899 732 3965 sive
747 3898 805 3963 hos
824 3897 888 3963 sive
906 3897 995 3963 iilum
1014 3895 1207 3964 ambitiosius
1224 3896 1394 3976 sestamun
1418 3894 1472 3962 sed
1489 3916 1567 3991 cum
1583 3915 1653 3990 per·

581 3985 746 4059 spicuitate
767 3979 869 4046 sensus
889 3979 1112 4063 coniuniiam,
1137 3980 1168 4046 in
1195 3980 1259 4066 ipsa
1277 3982 1454 4065 quaerimus
1478 3978 1606 4044 humrlrs
1622 3976 1656 4041 dc

446 4099 450 4109 ·
582 4067 779 4151 depreffioris
799 4065 948 4131 lcrmonis
966 4065 1105 4147 jucunda
1122 4064 1196 4131 sane
1213 4064 1433 4152 simplicitate,
1447 4063 1629 4151 puritatem.

764 4194 816 4259 Aa
834 4193 965 4275 ramulum
981 4193 1140 4275 phalerus!

581 4310 697 4395 Neque
716 4311 806 4376 aliam
826 4312 856 4375 in
869 4308 935 4393 ipso
948 4311 1215 4398 deprehendimus
1229 4312 1369 4381 Austore
1385 4312 1504 4381 nostro.
1525 4312 1655 4404 Quippe
1691 4363 1696 4380 .

580 4398 656 4480 qui,
678 4392 755 4460 duur
782 4394 813 4460 dc
839 4393 923 4463 hauc
941 4397 983 4467 ab
1001 4395 1152 4487 Episteto
1167 4415 1370 4486 repurgatam
1391 4394 1660 4548 Stoicorucrknindz
