<?xml version="1.0" encoding="UTF-8"?>
<!DOCTYPE html PUBLIC "-//W3C//DTD XHTML 1.0 Transitional//EN"
    "http://www.w3.org/TR/xhtml1/DTD/xhtml1-transitional.dtd">
<html xmlns="http://www.w3.org/1999/xhtml" xml:lang="en" lang="en">
 <head>
  <title>
</title>
<meta http-equiv="Content-Type" content="text/html;charset=utf-8" />
  <meta name='ocr-system' content='tesseract 3.04.00' />
  <meta name='ocr-capabilities' content='ocr_page ocr_carea ocr_par ocr_line ocrx_word'/>
</head>
<body>
  <div class='ocr_page' id='page_1' title='image "./historiacritica00catogoog_0309.png"; bbox 0 0 4500 5834; ppageno 0'>
   <div class='ocr_carea' id='block_1_1' title="bbox 578 703 1446 861">
    <p class='ocr_par' dir='ltr' id='par_1_1' title="bbox 578 703 1446 861">
     <span class='ocr_line' id='line_1_1' title="bbox 578 703 1446 861; baseline -0.002 -22"><span class='ocrx_word' id='word_1_1' title='bbox 578 782 660 861; x_wconf 81' lang='lat'>294</span> <span class='ocrx_word' id='word_1_2' title='bbox 800 751 1123 833; x_wconf 81' lang='lat' dir='ltr'>rnsroxrn</span> <span class='ocrx_word' id='word_1_3' title='bbox 1172 703 1446 839; x_wconf 76' lang='lat' dir='ltr'>carmen</span> 
     </span>
    </p>
   </div>
   <div class='ocr_carea' id='block_1_2' title="bbox 516 981 1725 1584">
    <p class='ocr_par' dir='ltr' id='par_1_2' title="bbox 516 981 1725 1584">
     <span class='ocr_line' id='line_1_2' title="bbox 516 981 1653 1072; baseline 0.003 -22"><span class='ocrx_word' id='word_1_4' title='bbox 516 1045 520 1050; x_wconf 90' lang='lat'><em>.</em></span> <span class='ocrx_word' id='word_1_5' title='bbox 580 991 680 1060; x_wconf 85' lang='lat' dir='ltr'>studia</span> <span class='ocrx_word' id='word_1_6' title='bbox 702 983 877 1060; x_wconf 84' lang='lat' dir='ltr'>excultae,</span> <span class='ocrx_word' id='word_1_7' title='bbox 907 981 1129 1060; x_wconf 87' lang='lat' dir='ltr'>abundantia,</span> <span class='ocrx_word' id='word_1_8' title='bbox 1161 982 1306 1072; x_wconf 78' lang='lat' dir='ltr'>Dionysii</span> <span class='ocrx_word' id='word_1_9' title='bbox 1332 986 1428 1055; x_wconf 89' lang='lat' dir='ltr'>nostri</span> <span class='ocrx_word' id='word_1_10' title='bbox 1445 986 1575 1055; x_wconf 87' lang='lat' dir='ltr'>Catonis</span> <span class='ocrx_word' id='word_1_11' title='bbox 1593 1006 1653 1054; x_wconf 90' lang='lat' dir='ltr'>no·</span> 
     </span>
     <span class='ocr_line' id='line_1_3' title="bbox 581 1064 1654 1155; baseline 0.001 -21"><span class='ocrx_word' id='word_1_12' title='bbox 581 1093 676 1150; x_wconf 82' lang='lat' dir='ltr'>men,</span> <span class='ocrx_word' id='word_1_13' title='bbox 699 1087 764 1138; x_wconf 86' lang='lat' dir='ltr'>tam</span> <span class='ocrx_word' id='word_1_14' title='bbox 791 1068 881 1153; x_wconf 84' lang='lat' dir='ltr'>parvi</span> <span class='ocrx_word' id='word_1_15' title='bbox 907 1067 1024 1150; x_wconf 85' lang='lat' dir='ltr'>quippe</span> <span class='ocrx_word' id='word_1_16' title='bbox 1049 1064 1191 1151; x_wconf 86' lang='lat' dir='ltr'>opusculi</span> <span class='ocrx_word' id='word_1_17' title='bbox 1220 1069 1385 1147; x_wconf 55' lang='lat' dir='ltr'>humoris,</span> <span class='ocrx_word' id='word_1_18' title='bbox 1408 1074 1552 1155; x_wconf 78' lang='lat' dir='ltr'>ignotum</span> <span class='ocrx_word' id='word_1_19' title='bbox 1576 1071 1654 1136; x_wconf 89' lang='lat' dir='ltr'>deli-</span> 
     </span>
     <span class='ocr_line' id='line_1_4' title="bbox 581 1148 1652 1241; baseline -0.005 -17"><span class='ocrx_word' id='word_1_20' title='bbox 581 1155 670 1225; x_wconf 88' lang='lat' dir='ltr'>tuisse</span> <span class='ocrx_word' id='word_1_21' title='bbox 690 1157 762 1227; x_wconf 89' lang='lat' dir='ltr'>diu,</span> <span class='ocrx_word' id='word_1_22' title='bbox 786 1169 881 1227; x_wconf 79' lang='lat' dir='ltr'>ouem</span> <span class='ocrx_word' id='word_1_23' title='bbox 897 1164 1004 1214; x_wconf 89' lang='lat' dir='ltr'>tameo</span> <span class='ocrx_word' id='word_1_24' title='bbox 1023 1152 1132 1216; x_wconf 86' lang='lat' dir='ltr'>omnia</span> <span class='ocrx_word' id='word_1_25' title='bbox 1147 1148 1290 1221; x_wconf 88' lang='lat' dir='ltr'>referunt</span> <span class='ocrx_word' id='word_1_26' title='bbox 1308 1176 1345 1220; x_wconf 87' lang='lat' dir='ltr'>ac</span> <span class='ocrx_word' id='word_1_27' title='bbox 1363 1156 1473 1241; x_wconf 88' lang='lat' dir='ltr'>sponte</span> <span class='ocrx_word' id='word_1_28' title='bbox 1492 1157 1652 1241; x_wconf 87' lang='lat' dir='ltr'>produnt,</span> 
     </span>
     <span class='ocr_line' id='line_1_5' title="bbox 581 1231 1655 1381; baseline -0.006 -74"><span class='ocrx_word' id='word_1_29' title='bbox 581 1242 698 1307; x_wconf 89' lang='lat' dir='ltr'>eodem</span> <span class='ocrx_word' id='word_1_30' title='bbox 714 1232 825 1316; x_wconf 77' lang='lat' dir='ltr'>vixisse</span> <span class='ocrx_word' id='word_1_31' title='bbox 842 1251 937 1326; x_wconf 76' lang='lat' dir='ltr'>aureo</span> <span class='ocrx_word' id='word_1_32' title='bbox 954 1231 1217 1381; x_wconf 72' lang='lat' dir='ltr'>Philosophorum</span> <span class='ocrx_word' id='word_1_33' title='bbox 1237 1236 1380 1318; x_wconf 88' lang='lat' dir='ltr'>saeculo;</span> <span class='ocrx_word' id='word_1_34' title='bbox 1405 1244 1492 1322; x_wconf 85' lang='lat' dir='ltr'>cujus</span> <span class='ocrx_word' id='word_1_35' title='bbox 1510 1260 1610 1313; x_wconf 80' lang='lat' dir='ltr'>vero,</span> <span class='ocrx_word' id='word_1_36' title='bbox 1631 1235 1655 1301; x_wconf 87' lang='lat' dir='ltr'>sa</span> 
     </span>
     <span class='ocr_line' id='line_1_6' title="bbox 581 1313 1655 1407; baseline -0.008 -14"><span class='ocrx_word' id='word_1_37' title='bbox 581 1324 696 1393; x_wconf 89' lang='lat' dir='ltr'>seriore</span> <span class='ocrx_word' id='word_1_38' title='bbox 716 1332 820 1383; x_wconf 86' lang='lat' dir='ltr'>aetate</span> <span class='ocrx_word' id='word_1_39' title='bbox 848 1313 972 1393; x_wconf 78' lang='lat' dir='ltr'>fnisset,</span> <span class='ocrx_word' id='word_1_40' title='bbox 997 1316 1050 1381; x_wconf 91' lang='lat' dir='ltr'>vel</span> <span class='ocrx_word' id='word_1_41' title='bbox 1089 1318 1177 1383; x_wconf 92' lang='lat' dir='ltr'>olum</span> <span class='ocrx_word' id='word_1_42' title='bbox 1202 1342 1342 1397; x_wconf 88' lang='lat' dir='ltr'>nomen,</span> <span class='ocrx_word' id='word_1_43' title='bbox 1366 1325 1462 1388; x_wconf 89' lang='lat' dir='ltr'>etiam</span> <span class='ocrx_word' id='word_1_44' title='bbox 1484 1322 1655 1407; x_wconf 90' lang='lat' dir='ltr'>deperdito</span> 
     </span>
     <span class='ocr_line' id='line_1_7' title="bbox 583 1392 1656 1491; baseline 0.003 -25"><span class='ocrx_word' id='word_1_45' title='bbox 583 1428 644 1482; x_wconf 82' lang='lat' dir='ltr'>eo,</span> <span class='ocrx_word' id='word_1_46' title='bbox 666 1400 753 1486; x_wconf 89' lang='lat' dir='ltr'>quod</span> <span class='ocrx_word' id='word_1_47' title='bbox 769 1395 955 1482; x_wconf 82' lang='lat' dir='ltr'>scripsrslet,</span> <span class='ocrx_word' id='word_1_48' title='bbox 973 1392 1294 1485; x_wconf 87' lang='lat' dir='ltr'>opere,delitescere</span> <span class='ocrx_word' id='word_1_49' title='bbox 1315 1408 1473 1482; x_wconf 87' lang='lat' dir='ltr'>intanta,</span> <span class='ocrx_word' id='word_1_50' title='bbox 1494 1420 1656 1491; x_wconf 81' lang='lat' dir='ltr'>quaerum</span> 
     </span>
     <span class='ocr_line' id='line_1_8' title="bbox 584 1483 1725 1584; baseline 0.002 -32"><span class='ocrx_word' id='word_1_51' title='bbox 584 1486 776 1584; x_wconf 77' lang='lat' dir='ltr'>ingruebat,</span> <span class='ocrx_word' id='word_1_52' title='bbox 799 1484 958 1548; x_wconf 89' lang='lat' dir='ltr'>bonorum</span> <span class='ocrx_word' id='word_1_53' title='bbox 977 1483 1174 1568; x_wconf 85' lang='lat' dir='ltr'>Scriptorum</span> <span class='ocrx_word' id='word_1_54' title='bbox 1201 1488 1328 1573; x_wconf 89' lang='lat' dir='ltr'>inopia,</span> <span class='ocrx_word' id='word_1_55' title='bbox 1348 1489 1495 1575; x_wconf 73' lang='lat' dir='ltr'>profesto</span> <span class='ocrx_word' id='word_1_56' title='bbox 1515 1510 1579 1554; x_wconf 88' lang='lat' dir='ltr'>non</span> <span class='ocrx_word' id='word_1_57' title='bbox 1597 1508 1655 1572; x_wconf 90' lang='lat' dir='ltr'>po·</span> <span class='ocrx_word' id='word_1_58' title='bbox 1721 1497 1725 1510; x_wconf 93' lang='lat'><em>&#39;</em></span> 
     </span>
    </p>
   </div>
   <div class='ocr_carea' id='block_1_3' title="bbox 420 1565 1656 1659">
    <p class='ocr_par' dir='ltr' id='par_1_3' title="bbox 420 1565 1656 1659">
     <span class='ocr_line' id='line_1_9' title="bbox 420 1565 1656 1659; baseline 0.016 -31"><span class='ocrx_word' id='word_1_59' title='bbox 420 1592 424 1600; x_wconf 94' lang='lat'>·</span> <span class='ocrx_word' id='word_1_60' title='bbox 460 1591 464 1607; x_wconf 69' lang='lat'>.‚</span> <span class='ocrx_word' id='word_1_61' title='bbox 582 1569 697 1638; x_wconf 79' lang='lat' dir='ltr'>ruisset.</span> <span class='ocrx_word' id='word_1_62' title='bbox 724 1566 827 1649; x_wconf 87' lang='lat' dir='ltr'>Atque</span> <span class='ocrx_word' id='word_1_63' title='bbox 844 1565 909 1631; x_wconf 92' lang='lat' dir='ltr'>hoc</span> <span class='ocrx_word' id='word_1_64' title='bbox 928 1565 1006 1633; x_wconf 91' lang='lat' dir='ltr'>mihi</span> <span class='ocrx_word' id='word_1_65' title='bbox 1023 1565 1145 1652; x_wconf 89' lang='lat' dir='ltr'>ipsum,</span> <span class='ocrx_word' id='word_1_66' title='bbox 1169 1589 1316 1638; x_wconf 87' lang='lat' dir='ltr'>enatura</span> <span class='ocrx_word' id='word_1_67' title='bbox 1333 1573 1472 1658; x_wconf 82' lang='lat' dir='ltr'>opusculi</span> <span class='ocrx_word' id='word_1_68' title='bbox 1499 1575 1656 1659; x_wconf 73' lang='lat' dir='ltr'>petitum,</span> 
     </span>
    </p>
   </div>
   <div class='ocr_carea' id='block_1_4' title="bbox 508 1645 1744 2532">
    <p class='ocr_par' dir='ltr' id='par_1_4' title="bbox 508 1645 1744 2532">
     <span class='ocr_line' id='line_1_10' title="bbox 608 1645 1657 1738; baseline 0 -19"><span class='ocrx_word' id='word_1_69' title='bbox 608 1652 773 1719; x_wconf 83' lang='lat' dir='ltr'>almariam</span> <span class='ocrx_word' id='word_1_70' title='bbox 790 1645 862 1714; x_wconf 85' lang='lat' dir='ltr'>fere</span> <span class='ocrx_word' id='word_1_71' title='bbox 882 1647 948 1728; x_wconf 90' lang='lat' dir='ltr'>est,</span> <span class='ocrx_word' id='word_1_72' title='bbox 970 1651 1064 1736; x_wconf 87' lang='lat' dir='ltr'>idque</span> <span class='ocrx_word' id='word_1_73' title='bbox 1079 1654 1171 1732; x_wconf 80' lang='lat' dir='ltr'>omui</span> <span class='ocrx_word' id='word_1_74' title='bbox 1186 1657 1377 1738; x_wconf 82' lang='lat' dir='ltr'><strong>exceptione</strong></span> <span class='ocrx_word' id='word_1_75' title='bbox 1397 1658 1516 1738; x_wconf 87' lang='lat' dir='ltr'>majus,</span> <span class='ocrx_word' id='word_1_76' title='bbox 1539 1657 1579 1721; x_wconf 94' lang='lat' dir='ltr'>de</span> <span class='ocrx_word' id='word_1_77' title='bbox 1599 1674 1657 1720; x_wconf 91' lang='lat' dir='ltr'>no·</span> 
     </span>
     <span class='ocr_line' id='line_1_11' title="bbox 508 1730 1658 1823; baseline -0.001 -21"><span class='ocrx_word' id='word_1_78' title='bbox 508 1746 513 1755; x_wconf 91' lang='lat'>&#39;</span> <span class='ocrx_word' id='word_1_79' title='bbox 627 1739 769 1802; x_wconf 86' lang='lat' dir='ltr'>iactate</span> <span class='ocrx_word' id='word_1_80' title='bbox 799 1730 943 1799; x_wconf 77' lang='lat' dir='ltr'>Auctoris</span> <span class='ocrx_word' id='word_1_81' title='bbox 978 1751 1210 1819; x_wconf 83' lang='lat' dir='ltr'>argumentum.</span> <span class='ocrx_word' id='word_1_82' title='bbox 1243 1737 1340 1807; x_wconf 76' lang='lat' dir='ltr'>Cous.</span> <span class='ocrx_word' id='word_1_83' title='bbox 1364 1759 1444 1823; x_wconf 89' lang='lat' dir='ltr'>quac</span> <span class='ocrx_word' id='word_1_84' title='bbox 1472 1741 1512 1805; x_wconf 92' lang='lat' dir='ltr'>de</span> <span class='ocrx_word' id='word_1_85' title='bbox 1540 1740 1658 1804; x_wconf 86' lang='lat' dir='ltr'>eodem</span> 
     </span>
     <span class='ocr_line' id='line_1_12' title="bbox 532 1811 1658 1971; baseline 0 -86"><span class='ocrx_word' id='word_1_86' title='bbox 532 1858 534 1862; x_wconf 35' lang='lat' dir='ltr'>v</span> <span class='ocrx_word' id='word_1_87' title='bbox 585 1819 678 1971; x_wconf 49' lang='lat' dir='ltr'>filippu</span> <span class='ocrx_word' id='word_1_88' title='bbox 696 1820 764 1966; x_wconf 50' lang='lat' dir='ltr'>jgam</span> <span class='ocrx_word' id='word_1_89' title='bbox 783 1811 853 1883; x_wconf 91' lang='lat' dir='ltr'>sunt</span> <span class='ocrx_word' id='word_1_90' title='bbox 875 1815 978 1895; x_wconf 78' lang='lat' dir='ltr'>uua,</span> <span class='ocrx_word' id='word_1_91' title='bbox 1000 1836 1096 1901; x_wconf 84' lang='lat' dir='ltr'><strong>pagg.</strong></span> <span class='ocrx_word' id='word_1_92' title='bbox 1108 1818 1159 1886; x_wconf 81' lang='lat'>28.</span> <span class='ocrx_word' id='word_1_93' title='bbox 1177 1818 1208 1884; x_wconf 71' lang='grc' dir='ltr'>ἂ</span> <span class='ocrx_word' id='word_1_94' title='bbox 1226 1822 1278 1890; x_wconf 87' lang='grc' dir='ltr'>όό.</span> <span class='ocrx_word' id='word_1_95' title='bbox 1296 1824 1386 1906; x_wconf 87' lang='lat' dir='ltr'>hujus</span> <span class='ocrx_word' id='word_1_96' title='bbox 1402 1822 1482 1889; x_wconf 88' lang='lat' dir='ltr'>Hist.</span> <span class='ocrx_word' id='word_1_97' title='bbox 1495 1820 1658 1897; x_wconf 88' lang='lat' dir='ltr'>Criticae,</span> 
     </span>
     <span class='ocr_line' id='line_1_13' title="bbox 586 1922 1658 2075; baseline -0.001 -23"><span class='ocrx_word' id='word_1_98' title='bbox 586 1922 843 2052; x_wconf 47' lang='lat' dir='ltr'>alliiliramoa</span> <span class='ocrx_word' id='word_1_99' title='bbox 865 1984 973 2068; x_wconf 90' lang='lat' dir='ltr'>itaque</span> <span class='ocrx_word' id='word_1_100' title='bbox 992 1985 1025 2050; x_wconf 90' lang='lat' dir='ltr'>in</span> <span class='ocrx_word' id='word_1_101' title='bbox 1045 2003 1086 2049; x_wconf 93' lang='lat' dir='ltr'>eo</span> <span class='ocrx_word' id='word_1_102' title='bbox 1101 2004 1161 2070; x_wconf 85' lang='lat' dir='ltr'>nos</span> <span class='ocrx_word' id='word_1_103' title='bbox 1181 1983 1334 2065; x_wconf 79' lang='lat' dir='ltr'>Po‘etam3</span> <span class='ocrx_word' id='word_1_104' title='bbox 1355 1985 1409 2053; x_wconf 92' lang='lat' dir='ltr'>sed</span> <span class='ocrx_word' id='word_1_105' title='bbox 1421 1988 1658 2075; x_wconf 86' lang='lat' dir='ltr'>Philosophum:</span> 
     </span>
     <span class='ocr_line' id='line_1_14' title="bbox 585 2066 1744 2218; baseline -0.004 -80"><span class='ocrx_word' id='word_1_106' title='bbox 585 2073 771 2218; x_wconf 74' lang='lat' dir='ltr'>Sapientem</span> <span class='ocrx_word' id='word_1_107' title='bbox 790 2086 885 2154; x_wconf 89' lang='lat' dir='ltr'>porro</span> <span class='ocrx_word' id='word_1_108' title='bbox 904 2085 923 2163; x_wconf 39' lang='grc' dir='ltr'>ς.</span> <span class='ocrx_word' id='word_1_109' title='bbox 946 2066 1002 2133; x_wconf 88' lang='lat' dir='ltr'>sed</span> <span class='ocrx_word' id='word_1_110' title='bbox 1025 2067 1195 2162; x_wconf 67' lang='lat' dir='ltr'>Poetarum</span> <span class='ocrx_word' id='word_1_111' title='bbox 1223 2067 1360 2164; x_wconf 66' lang='lat' dir='ltr'>leeliouc</span> <span class='ocrx_word' id='word_1_112' title='bbox 1384 2072 1498 2165; x_wconf 74' lang='lat' dir='ltr'>assidua</span> <span class='ocrx_word' id='word_1_113' title='bbox 1524 2071 1663 2138; x_wconf 87' lang='lat' dir='ltr'>mirifice</span> <span class='ocrx_word' id='word_1_114' title='bbox 1742 2094 1744 2097; x_wconf 92' lang='lat'>·</span> 
     </span>
     <span class='ocr_line' id='line_1_15' title="bbox 586 2148 1663 2247; baseline 0 -26"><span class='ocrx_word' id='word_1_115' title='bbox 586 2158 628 2221; x_wconf 89' lang='lat' dir='ltr'>de</span> <span class='ocrx_word' id='word_1_116' title='bbox 642 2153 805 2247; x_wconf 67' lang='lat' dir='ltr'>astatum,</span> <span class='ocrx_word' id='word_1_117' title='bbox 824 2148 1025 2237; x_wconf 87' lang='lat' dir='ltr'>quomam&amp;</span> <span class='ocrx_word' id='word_1_118' title='bbox 1051 2171 1084 2217; x_wconf 91' lang='lat' dir='ltr'>m</span> <span class='ocrx_word' id='word_1_119' title='bbox 1111 2170 1147 2215; x_wconf 90' lang='lat' dir='ltr'>us</span> <span class='ocrx_word' id='word_1_120' title='bbox 1164 2170 1260 2218; x_wconf 88' lang='lat' dir='ltr'>verae</span> <span class='ocrx_word' id='word_1_121' title='bbox 1287 2151 1465 2238; x_wconf 84' lang='lat' dir='ltr'>Sapreutrae</span> <span class='ocrx_word' id='word_1_122' title='bbox 1483 2155 1663 2239; x_wconf 87' lang='lat' dir='ltr'>deprehen·</span> 
     </span>
     <span class='ocr_line' id='line_1_16' title="bbox 586 2234 846 2320; baseline -0.042 -10"><span class='ocrx_word' id='word_1_123' title='bbox 586 2236 679 2310; x_wconf 74' lang='lat' dir='ltr'>disset</span> <span class='ocrx_word' id='word_1_124' title='bbox 695 2234 846 2320; x_wconf 83' lang='lat' dir='ltr'>vestrgra,</span> 
     </span>
     <span class='ocr_line' id='line_1_17' title="bbox 673 2348 1643 2447; baseline 0.001 -29"><span class='ocrx_word' id='word_1_125' title='bbox 673 2353 737 2447; x_wconf 83' lang='lat' dir='ltr'>Qui</span> <span class='ocrx_word' id='word_1_126' title='bbox 746 2397 757 2428; x_wconf 92' lang='lat'>,</span> <span class='ocrx_word' id='word_1_127' title='bbox 778 2352 848 2438; x_wconf 83' lang='lat' dir='ltr'>quid</span> <span class='ocrx_word' id='word_1_128' title='bbox 856 2348 898 2431; x_wconf 75' lang='lat' dir='ltr'>fit</span> <span class='ocrx_word' id='word_1_129' title='bbox 914 2352 1062 2435; x_wconf 79' lang='lat' dir='ltr'>pulcrum,</span> <span class='ocrx_word' id='word_1_130' title='bbox 1076 2351 1145 2434; x_wconf 82' lang='lat' dir='ltr'>qaid</span> <span class='ocrx_word' id='word_1_131' title='bbox 1162 2362 1263 2437; x_wconf 79' lang='lat' dir='ltr'>turpe,</span> <span class='ocrx_word' id='word_1_132' title='bbox 1284 2351 1354 2435; x_wconf 81' lang='lat' dir='ltr'>quid</span> <span class='ocrx_word' id='word_1_133' title='bbox 1370 2353 1440 2416; x_wconf 80' lang='lat' dir='ltr'>utile</span> <span class='ocrx_word' id='word_1_134' title='bbox 1452 2395 1463 2427; x_wconf 91' lang='lat'>,</span> <span class='ocrx_word' id='word_1_135' title='bbox 1475 2353 1545 2437; x_wconf 76' lang='lat' dir='ltr'>quid</span> <span class='ocrx_word' id='word_1_136' title='bbox 1563 2352 1643 2419; x_wconf 71' lang='lat' dir='ltr'>nora?</span> 
     </span>
     <span class='ocr_line' id='line_1_18' title="bbox 667 2444 1518 2532; baseline -0.002 -16"><span class='ocrx_word' id='word_1_137' title='bbox 667 2449 789 2516; x_wconf 83' lang='lat' dir='ltr'>Planiau</span> <span class='ocrx_word' id='word_1_138' title='bbox 805 2468 838 2515; x_wconf 85' lang='lat' dir='ltr'>oc</span> <span class='ocrx_word' id='word_1_139' title='bbox 857 2450 975 2525; x_wconf 82' lang='lat' dir='ltr'>arelius,</span> <span class='ocrx_word' id='word_1_140' title='bbox 1001 2444 1151 2532; x_wconf 72' lang='lat' dir='ltr'>Chryfippo</span> <span class='ocrx_word' id='word_1_141' title='bbox 1168 2446 1206 2521; x_wconf 69' lang='lat' dir='ltr'>si</span> <span class='ocrx_word' id='word_1_142' title='bbox 1223 2448 1376 2529; x_wconf 78' lang='lat' dir='ltr'>Crantore,</span> <span class='ocrx_word' id='word_1_143' title='bbox 1398 2450 1518 2516; x_wconf 89' lang='lat' dir='ltr'>dicunt.</span> 
     </span>
    </p>
   </div>
   <div class='ocr_carea' id='block_1_5' title="bbox 586 2564 1664 2822">
    <p class='ocr_par' dir='ltr' id='par_1_5' title="bbox 586 2564 1664 2822">
     <span class='ocr_line' id='line_1_19' title="bbox 586 2564 1664 2657; baseline -0.007 -18"><span class='ocrx_word' id='word_1_144' title='bbox 586 2575 667 2645; x_wconf 90' lang='lat' dir='ltr'>Non</span> <span class='ocrx_word' id='word_1_145' title='bbox 686 2572 804 2657; x_wconf 87' lang='lat' dir='ltr'>igitur,</span> <span class='ocrx_word' id='word_1_146' title='bbox 827 2586 864 2636; x_wconf 91' lang='lat' dir='ltr'>ut</span> <span class='ocrx_word' id='word_1_147' title='bbox 881 2565 973 2655; x_wconf 89' lang='lat' dir='ltr'>prisci</span> <span class='ocrx_word' id='word_1_148' title='bbox 989 2566 1166 2647; x_wconf 80' lang='lat' dir='ltr'>Socratici,</span> <span class='ocrx_word' id='word_1_149' title='bbox 1186 2590 1298 2635; x_wconf 89' lang='lat' dir='ltr'>omnes</span> <span class='ocrx_word' id='word_1_150' title='bbox 1317 2567 1383 2636; x_wconf 83' lang='lat' dir='ltr'>sine</span> <span class='ocrx_word' id='word_1_151' title='bbox 1398 2564 1577 2631; x_wconf 86' lang='lat' dir='ltr'>discrimine</span> <span class='ocrx_word' id='word_1_152' title='bbox 1590 2586 1664 2652; x_wconf 89' lang='lat' dir='ltr'>pro·</span> 
     </span>
     <span class='ocr_line' id='line_1_20' title="bbox 586 2646 1664 2747; baseline -0.006 -21"><span class='ocrx_word' id='word_1_153' title='bbox 586 2655 774 2726; x_wconf 86' lang='lat' dir='ltr'>scribendos</span> <span class='ocrx_word' id='word_1_154' title='bbox 801 2672 841 2719; x_wconf 88' lang='lat' dir='ltr'>ac</span> <span class='ocrx_word' id='word_1_155' title='bbox 866 2652 1059 2747; x_wconf 82' lang='lat' dir='ltr'>rejiciendos</span> <span class='ocrx_word' id='word_1_156' title='bbox 1086 2648 1151 2720; x_wconf 80' lang='lat' dir='ltr'>elle</span> <span class='ocrx_word' id='word_1_157' title='bbox 1175 2650 1290 2719; x_wconf 71' lang='lat' dir='ltr'>Poetae</span> <span class='ocrx_word' id='word_1_158' title='bbox 1316 2649 1496 2725; x_wconf 88' lang='lat' dir='ltr'>existimat,</span> <span class='ocrx_word' id='word_1_159' title='bbox 1519 2646 1574 2717; x_wconf 92' lang='lat' dir='ltr'>sed</span> <span class='ocrx_word' id='word_1_160' title='bbox 1590 2669 1664 2719; x_wconf 86' lang='lat' dir='ltr'>cum</span> 
     </span>
     <span class='ocr_line' id='line_1_21' title="bbox 588 2732 1532 2822; baseline -0.015 -12"><span class='ocrx_word' id='word_1_161' title='bbox 588 2737 717 2810; x_wconf 70' lang='lat' dir='ltr'>delectu</span> <span class='ocrx_word' id='word_1_162' title='bbox 733 2752 829 2822; x_wconf 90' lang='lat' dir='ltr'>atque</span> <span class='ocrx_word' id='word_1_163' title='bbox 845 2736 964 2820; x_wconf 75' lang='lat' dir='ltr'>judicio</span> <span class='ocrx_word' id='word_1_164' title='bbox 984 2734 1159 2820; x_wconf 80' lang='lat' dir='ltr'>legendos,</span> <span class='ocrx_word' id='word_1_165' title='bbox 1183 2736 1285 2804; x_wconf 88' lang='lat' dir='ltr'>veluti</span> <span class='ocrx_word' id='word_1_166' title='bbox 1304 2732 1384 2802; x_wconf 88' lang='lat' dir='ltr'>infra</span> <span class='ocrx_word' id='word_1_167' title='bbox 1401 2744 1532 2798; x_wconf 88' lang='lat' dir='ltr'>mouet:</span> 
     </span>
    </p>
   </div>
   <div class='ocr_carea' id='block_1_6' title="bbox 669 2865 1504 2951">
    <p class='ocr_par' dir='ltr' id='par_1_6' title="bbox 669 2865 1504 2951">
     <span class='ocr_line' id='line_1_22' title="bbox 669 2865 1504 2951; baseline -0.002 -15"><span class='ocrx_word' id='word_1_168' title='bbox 669 2866 754 2936; x_wconf 83' lang='lat' dir='ltr'>Nam</span> <span class='ocrx_word' id='word_1_169' title='bbox 775 2865 906 2935; x_wconf 80' lang='lat' dir='ltr'>mirando</span> <span class='ocrx_word' id='word_1_170' title='bbox 924 2877 1048 2944; x_wconf 79' lang='lat' dir='ltr'>amma,</span> <span class='ocrx_word' id='word_1_171' title='bbox 1063 2865 1118 2951; x_wconf 84' lang='lat' dir='ltr'>sed</span> <span class='ocrx_word' id='word_1_172' title='bbox 1138 2884 1192 2931; x_wconf 83' lang='lat' dir='ltr'>noo</span> <span class='ocrx_word' id='word_1_173' title='bbox 1212 2866 1366 2947; x_wconf 81' lang='lat' dir='ltr'>credendo,</span> <span class='ocrx_word' id='word_1_174' title='bbox 1391 2869 1504 2934; x_wconf 71' lang='lat' dir='ltr'>Pastor.</span> 
     </span>
    </p>
   </div>
   <div class='ocr_carea' id='block_1_7' title="bbox 524 2997 1688 4493">
    <p class='ocr_par' dir='ltr' id='par_1_7' title="bbox 524 2997 1688 4493">
     <span class='ocr_line' id='line_1_23' title="bbox 589 2997 1661 3094; baseline -0.016 -16"><span class='ocrx_word' id='word_1_175' title='bbox 589 3008 710 3094; x_wconf 88' lang='lat' dir='ltr'>Neque</span> <span class='ocrx_word' id='word_1_176' title='bbox 728 3005 964 3091; x_wconf 87' lang='lat' dir='ltr'>recipiendam,</span> <span class='ocrx_word' id='word_1_177' title='bbox 984 3003 1024 3068; x_wconf 89' lang='lat' dir='ltr'>ad</span> <span class='ocrx_word' id='word_1_178' title='bbox 1042 3003 1203 3082; x_wconf 89' lang='lat' dir='ltr'>litteram,</span> <span class='ocrx_word' id='word_1_179' title='bbox 1226 3004 1351 3071; x_wconf 90' lang='lat' dir='ltr'>illorum</span> <span class='ocrx_word' id='word_1_180' title='bbox 1371 3004 1437 3069; x_wconf 90' lang='lat' dir='ltr'>inte</span> <span class='ocrx_word' id='word_1_181' title='bbox 1493 3019 1524 3066; x_wconf 92' lang='lat' dir='ltr'>m</span> <span class='ocrx_word' id='word_1_182' title='bbox 1540 2997 1661 3083; x_wconf 69' lang='lat' dir='ltr'>Myrsia-</span> 
     </span>
     <span class='ocr_line' id='line_1_24' title="bbox 593 3084 1660 3179; baseline -0.009 -21"><span class='ocrx_word' id='word_1_183' title='bbox 593 3096 699 3179; x_wconf 82' lang='lat' dir='ltr'>logiam</span> <span class='ocrx_word' id='word_1_184' title='bbox 715 3090 746 3156; x_wconf 80' lang='lat' dir='ltr'>dt</span> <span class='ocrx_word' id='word_1_185' title='bbox 764 3088 965 3164; x_wconf 79' lang='lat' dir='ltr'>fabulosam,</span> <span class='ocrx_word' id='word_1_186' title='bbox 990 3086 1089 3178; x_wconf 78' lang='lat' dir='ltr'>qualis</span> <span class='ocrx_word' id='word_1_187' title='bbox 1106 3107 1125 3153; x_wconf 92' lang='lat' dir='ltr'>a</span> <span class='ocrx_word' id='word_1_188' title='bbox 1140 3088 1261 3173; x_wconf 93' lang='lat' dir='ltr'>populo</span> <span class='ocrx_word' id='word_1_189' title='bbox 1271 3134 1280 3164; x_wconf 93' lang='lat'>,</span> <span class='ocrx_word' id='word_1_190' title='bbox 1291 3107 1364 3153; x_wconf 92' lang='lat' dir='ltr'>cum</span> <span class='ocrx_word' id='word_1_191' title='bbox 1380 3088 1442 3167; x_wconf 89' lang='lat' dir='ltr'>adp</span> <span class='ocrx_word' id='word_1_192' title='bbox 1456 3084 1545 3161; x_wconf 89' lang='lat' dir='ltr'>ausu,</span> <span class='ocrx_word' id='word_1_193' title='bbox 1568 3103 1591 3149; x_wconf 91' lang='lat' dir='ltr'>e.</span> <span class='ocrx_word' id='word_1_194' title='bbox 1603 3101 1660 3179; x_wconf 63' lang='lat' dir='ltr'>ue·</span> 
     </span>
     <span class='ocr_line' id='line_1_25' title="bbox 591 3168 1663 3257; baseline -0.011 -15"><span class='ocrx_word' id='word_1_195' title='bbox 591 3192 699 3242; x_wconf 90' lang='lat' dir='ltr'>terum</span> <span class='ocrx_word' id='word_1_196' title='bbox 718 3174 889 3241; x_wconf 88' lang='lat' dir='ltr'>traditione</span> <span class='ocrx_word' id='word_1_197' title='bbox 913 3171 1155 3249; x_wconf 88' lang='lat' dir='ltr'>admitteretur,</span> <span class='ocrx_word' id='word_1_198' title='bbox 1178 3170 1348 3249; x_wconf 82' lang='lat' dir='ltr'>insaniam3</span> <span class='ocrx_word' id='word_1_199' title='bbox 1374 3170 1450 3249; x_wconf 89' lang='lat' dir='ltr'>scd,</span> <span class='ocrx_word' id='word_1_200' title='bbox 1473 3168 1579 3257; x_wconf 86' lang='lat' dir='ltr'>quoad</span> <span class='ocrx_word' id='word_1_201' title='bbox 1594 3184 1663 3248; x_wconf 70' lang='lat' dir='ltr'>erus</span> 
     </span>
     <span class='ocr_line' id='line_1_26' title="bbox 591 3249 1666 3346; baseline -0.008 -21"><span class='ocrx_word' id='word_1_202' title='bbox 591 3258 664 3326; x_wconf 88' lang='lat' dir='ltr'>fieri</span> <span class='ocrx_word' id='word_1_203' title='bbox 682 3260 776 3324; x_wconf 88' lang='lat' dir='ltr'>liceat</span> <span class='ocrx_word' id='word_1_204' title='bbox 796 3256 1028 3341; x_wconf 85' lang='lat' dir='ltr'>expediatque,</span> <span class='ocrx_word' id='word_1_205' title='bbox 1052 3254 1085 3320; x_wconf 90' lang='lat' dir='ltr'>in</span> <span class='ocrx_word' id='word_1_206' title='bbox 1102 3274 1290 3322; x_wconf 87' lang='lat' dir='ltr'>communes</span> <span class='ocrx_word' id='word_1_207' title='bbox 1308 3256 1393 3321; x_wconf 90' lang='lat' dir='ltr'>vitae</span> <span class='ocrx_word' id='word_1_208' title='bbox 1413 3251 1483 3322; x_wconf 86' lang='lat' dir='ltr'>usus</span> <span class='ocrx_word' id='word_1_209' title='bbox 1506 3249 1568 3319; x_wconf 89' lang='lat' dir='ltr'>elle</span> <span class='ocrx_word' id='word_1_210' title='bbox 1588 3269 1666 3346; x_wconf 79' lang='lat' dir='ltr'>cou-</span> 
     </span>
     <span class='ocr_line' id='line_1_27' title="bbox 593 3338 1667 3423; baseline -0.01 -14"><span class='ocrx_word' id='word_1_211' title='bbox 593 3338 1093 3422; x_wconf 87' lang='lat' dir='ltr'>vertendam‚adhibendamque</span> <span class='ocrx_word' id='word_1_212' title='bbox 1102 3339 1142 3404; x_wconf 91' lang='lat' dir='ltr'>ad</span> <span class='ocrx_word' id='word_1_213' title='bbox 1153 3338 1313 3405; x_wconf 78' lang='lat' dir='ltr'>doetrinae</span> <span class='ocrx_word' id='word_1_214' title='bbox 1329 3360 1454 3407; x_wconf 92' lang='lat' dir='ltr'>morum</span> <span class='ocrx_word' id='word_1_215' title='bbox 1487 3349 1667 3423; x_wconf 83' lang='lat' dir='ltr'>ropagatto·</span> 
     </span>
     <span class='ocr_line' id='line_1_28' title="bbox 590 3420 1666 3513; baseline -0.011 -18"><span class='ocrx_word' id='word_1_216' title='bbox 590 3445 671 3495; x_wconf 83' lang='lat' dir='ltr'>uem</span> <span class='ocrx_word' id='word_1_217' title='bbox 696 3440 892 3513; x_wconf 84' lang='lat' dir='ltr'>perpetuam.</span> <span class='ocrx_word' id='word_1_218' title='bbox 926 3420 1071 3499; x_wconf 87' lang='lat' dir='ltr'>idcirco,</span> <span class='ocrx_word' id='word_1_219' title='bbox 1094 3421 1296 3505; x_wconf 84' lang='lat' dir='ltr'>quoniam&amp;</span> <span class='ocrx_word' id='word_1_220' title='bbox 1323 3422 1394 3490; x_wconf 90' lang='lat' dir='ltr'>suae</span> <span class='ocrx_word' id='word_1_221' title='bbox 1413 3424 1479 3508; x_wconf 91' lang='lat' dir='ltr'>ipe</span> <span class='ocrx_word' id='word_1_222' title='bbox 1497 3421 1666 3488; x_wconf 88' lang='lat' dir='ltr'>institutio-</span> 
     </span>
     <span class='ocr_line' id='line_1_29' title="bbox 594 3504 1667 3591; baseline -0.007 -14"><span class='ocrx_word' id='word_1_223' title='bbox 594 3510 667 3587; x_wconf 86' lang='lat' dir='ltr'>nis,</span> <span class='ocrx_word' id='word_1_224' title='bbox 688 3525 724 3577; x_wconf 93' lang='lat' dir='ltr'>ut</span> <span class='ocrx_word' id='word_1_225' title='bbox 743 3511 786 3575; x_wconf 89' lang='lat' dir='ltr'>ita</span> <span class='ocrx_word' id='word_1_226' title='bbox 806 3507 932 3583; x_wconf 89' lang='lat' dir='ltr'>dicam,</span> <span class='ocrx_word' id='word_1_227' title='bbox 955 3523 1147 3591; x_wconf 87' lang='lat' dir='ltr'>compagem</span> <span class='ocrx_word' id='word_1_228' title='bbox 1173 3509 1371 3575; x_wconf 87' lang='lat' dir='ltr'>creberrimis</span> <span class='ocrx_word' id='word_1_229' title='bbox 1397 3505 1526 3574; x_wconf 76' lang='lat' dir='ltr'>stabiliti</span> <span class='ocrx_word' id='word_1_230' title='bbox 1544 3504 1667 3572; x_wconf 89' lang='lat' dir='ltr'>fulciri·</span> 
     </span>
     <span class='ocr_line' id='line_1_30' title="bbox 594 3589 1668 3677; baseline -0.005 -19"><span class='ocrx_word' id='word_1_231' title='bbox 594 3613 661 3676; x_wconf 84' lang='lat' dir='ltr'>que</span> <span class='ocrx_word' id='word_1_232' title='bbox 678 3606 764 3676; x_wconf 79' lang='lat' dir='ltr'>amat</span> <span class='ocrx_word' id='word_1_233' title='bbox 781 3589 957 3675; x_wconf 85' lang='lat' dir='ltr'>exemplis,</span> <span class='ocrx_word' id='word_1_234' title='bbox 981 3590 1070 3673; x_wconf 89' lang='lat' dir='ltr'>pari,</span> <span class='ocrx_word' id='word_1_235' title='bbox 1094 3609 1159 3675; x_wconf 89' lang='lat' dir='ltr'>quo</span> <span class='ocrx_word' id='word_1_236' title='bbox 1176 3591 1264 3677; x_wconf 88' lang='lat' dir='ltr'>supra</span> <span class='ocrx_word' id='word_1_237' title='bbox 1283 3592 1382 3659; x_wconf 91' lang='lat' dir='ltr'>modo</span> <span class='ocrx_word' id='word_1_238' title='bbox 1405 3608 1519 3659; x_wconf 82' lang='lat' dir='ltr'>xaxaa</span> <span class='ocrx_word' id='word_1_239' title='bbox 1540 3605 1668 3663; x_wconf 71' lang='lat' dir='ltr'>orout</span> 
     </span>
     <span class='ocr_line' id='line_1_31' title="bbox 524 3671 1667 3763; baseline -0.002 -22"><span class='ocrx_word' id='word_1_240' title='bbox 524 3734 529 3741; x_wconf 91' lang='lat'>.</span> <span class='ocrx_word' id='word_1_241' title='bbox 594 3676 762 3763; x_wconf 68' lang='lat' dir='ltr'>picturam</span> <span class='ocrx_word' id='word_1_242' title='bbox 778 3675 939 3762; x_wconf 66' lang='lat' dir='ltr'>posticam</span> <span class='ocrx_word' id='word_1_243' title='bbox 968 3671 1001 3738; x_wconf 91' lang='lat' dir='ltr'>in</span> <span class='ocrx_word' id='word_1_244' title='bbox 1024 3671 1093 3739; x_wconf 87' lang='lat' dir='ltr'>suos</span> <span class='ocrx_word' id='word_1_245' title='bbox 1118 3675 1213 3739; x_wconf 85' lang='lat' dir='ltr'>traxit</span> <span class='ocrx_word' id='word_1_246' title='bbox 1238 3674 1357 3754; x_wconf 86' lang='lat' dir='ltr'>filiioue</span> <span class='ocrx_word' id='word_1_247' title='bbox 1382 3675 1471 3754; x_wconf 82' lang='lat' dir='ltr'>usus,</span> <span class='ocrx_word' id='word_1_248' title='bbox 1502 3677 1544 3742; x_wconf 91' lang='lat' dir='ltr'>ad</span> <span class='ocrx_word' id='word_1_249' title='bbox 1562 3678 1667 3742; x_wconf 86' lang='lat' dir='ltr'>bonos</span> 
     </span>
     <span class='ocr_line' id='line_1_32' title="bbox 595 3752 1688 3846; baseline -0.004 -20"><span class='ocrx_word' id='word_1_250' title='bbox 595 3778 798 3845; x_wconf 83' lang='lat' dir='ltr'>quacumque</span> <span class='ocrx_word' id='word_1_251' title='bbox 825 3758 948 3825; x_wconf 89' lang='lat' dir='ltr'>ratione</span> <span class='ocrx_word' id='word_1_252' title='bbox 975 3774 1081 3821; x_wconf 89' lang='lat' dir='ltr'>mores</span> <span class='ocrx_word' id='word_1_253' title='bbox 1099 3752 1281 3836; x_wconf 87' lang='lat' dir='ltr'>formandi,</span> <span class='ocrx_word' id='word_1_254' title='bbox 1306 3758 1337 3823; x_wconf 75' lang='grc' dir='ltr'>δι</span> <span class='ocrx_word' id='word_1_255' title='bbox 1356 3780 1443 3844; x_wconf 87' lang='lat' dir='ltr'>quo,</span> <span class='ocrx_word' id='word_1_256' title='bbox 1465 3761 1497 3824; x_wconf 88' lang='lat' dir='ltr'>in</span> <span class='ocrx_word' id='word_1_257' title='bbox 1517 3760 1666 3846; x_wconf 87' lang='lat' dir='ltr'>proxime</span> <span class='ocrx_word' id='word_1_258' title='bbox 1685 3833 1688 3840; x_wconf 25' lang='lat'>¹</span> 
     </span>
     <span class='ocr_line' id='line_1_33' title="bbox 592 3836 1667 3929; baseline -0.003 -20"><span class='ocrx_word' id='word_1_259' title='bbox 592 3841 757 3929; x_wconf 85' lang='lat' dir='ltr'>superiore</span> <span class='ocrx_word' id='word_1_260' title='bbox 774 3839 942 3919; x_wconf 92' lang='lat' dir='ltr'>Disticho,</span> <span class='ocrx_word' id='word_1_261' title='bbox 953 3836 1135 3905; x_wconf 82' lang='lat' dir='ltr'>Occafionis</span> <span class='ocrx_word' id='word_1_262' title='bbox 1151 3838 1349 3909; x_wconf 90' lang='lat' dir='ltr'>simulacmm</span> <span class='ocrx_word' id='word_1_263' title='bbox 1367 3865 1386 3912; x_wconf 88' lang='lat' dir='ltr'>a</span> <span class='ocrx_word' id='word_1_264' title='bbox 1402 3842 1507 3909; x_wconf 72' lang='lat' dir='ltr'>Poetis</span> <span class='ocrx_word' id='word_1_265' title='bbox 1524 3842 1667 3909; x_wconf 70' lang='lat' dir='ltr'>effletum</span> 
     </span>
     <span class='ocr_line' id='line_1_34' title="bbox 594 3918 1666 4010; baseline -0.003 -19"><span class='ocrx_word' id='word_1_266' title='bbox 594 3942 656 4010; x_wconf 91' lang='lat' dir='ltr'>pro</span> <span class='ocrx_word' id='word_1_267' title='bbox 681 3945 806 3996; x_wconf 90' lang='lat' dir='ltr'>morum</span> <span class='ocrx_word' id='word_1_268' title='bbox 830 3918 1003 4009; x_wconf 84' lang='lat' dir='ltr'>exemplari</span> <span class='ocrx_word' id='word_1_269' title='bbox 1029 3921 1121 3989; x_wconf 89' lang='lat' dir='ltr'>nobis</span> <span class='ocrx_word' id='word_1_270' title='bbox 1147 3925 1313 4006; x_wconf 85' lang='lat' dir='ltr'>exhibuit,</span> <span class='ocrx_word' id='word_1_271' title='bbox 1337 3927 1543 3994; x_wconf 87' lang='lat' dir='ltr'>nuncetiam</span> <span class='ocrx_word' id='word_1_272' title='bbox 1564 3939 1666 4010; x_wconf 81' lang='lat' dir='ltr'>Jaur</span> 
     </span>
     <span class='ocr_line' id='line_1_35' title="bbox 597 4003 1663 4115; baseline -0.003 -43"><span class='ocrx_word' id='word_1_273' title='bbox 597 4025 840 4115; x_wconf 55' lang='lat' dir='ltr'>urruouura</span> <span class='ocrx_word' id='word_1_274' title='bbox 861 4006 1010 4105; x_wconf 77' lang='lat' dir='ltr'>Effigiem</span> <span class='ocrx_word' id='word_1_275' title='bbox 1029 4003 1249 4107; x_wconf 71' lang='lat' dir='ltr'>philosophice</span> <span class='ocrx_word' id='word_1_276' title='bbox 1270 4011 1390 4109; x_wconf 71' lang='lat' dir='ltr'>mogh,</span> <span class='ocrx_word' id='word_1_277' title='bbox 1408 4030 1504 4095; x_wconf 89' lang='lat' dir='ltr'>quam</span> <span class='ocrx_word' id='word_1_278' title='bbox 1522 4010 1663 4096; x_wconf 74' lang='lat' dir='ltr'>poetice,</span> 
     </span>
     <span class='ocr_line' id='line_1_36' title="bbox 597 4087 1665 4270; baseline 0.01 -31"><span class='ocrx_word' id='word_1_279' title='bbox 597 4087 1665 4270; x_wconf 57' lang='lat' dir='ltr'>liuthartalllldhhlllhdsslllhhlrlhlhhs</span> 
     </span>
     <span class='ocr_line' id='line_1_37' title="bbox 599 4254 1664 4341; baseline -0.001 -19"><span class='ocrx_word' id='word_1_280' title='bbox 599 4256 643 4320; x_wconf 90' lang='lat' dir='ltr'>de</span> <span class='ocrx_word' id='word_1_281' title='bbox 660 4274 722 4338; x_wconf 89' lang='lat' dir='ltr'>qua</span> <span class='ocrx_word' id='word_1_282' title='bbox 757 4261 841 4328; x_wconf 89' lang='lat' dir='ltr'>aullo</span> <span class='ocrx_word' id='word_1_283' title='bbox 861 4272 933 4324; x_wconf 87' lang='lat' dir='ltr'>ante</span> <span class='ocrx_word' id='word_1_284' title='bbox 954 4274 972 4318; x_wconf 90' lang='lat' dir='ltr'>e</span> <span class='ocrx_word' id='word_1_285' title='bbox 994 4272 1063 4341; x_wconf 78' lang='lat' dir='ltr'>erat</span> <span class='ocrx_word' id='word_1_286' title='bbox 1075 4254 1225 4324; x_wconf 78' lang='lat' dir='ltr'>Disticho</span> <span class='ocrx_word' id='word_1_287' title='bbox 1243 4259 1274 4324; x_wconf 91' lang='lat' dir='ltr'>h.</span> <span class='ocrx_word' id='word_1_288' title='bbox 1295 4258 1369 4327; x_wconf 88' lang='lat' dir='ltr'>Lib.</span> <span class='ocrx_word' id='word_1_289' title='bbox 1385 4258 1554 4327; x_wconf 87' lang='lat' dir='ltr'>XXIV.&amp;</span> <span class='ocrx_word' id='word_1_290' title='bbox 1571 4255 1664 4340; x_wconf 86' lang='lat' dir='ltr'>Sym·</span> 
     </span>
     <span class='ocr_line' id='line_1_38' title="bbox 600 4272 1673 4493; baseline -0.002 -86"><span class='ocrx_word' id='word_1_291' title='bbox 600 4337 713 4410; x_wconf 87' lang='lat' dir='ltr'>bolum</span> <span class='ocrx_word' id='word_1_292' title='bbox 736 4360 898 4434; x_wconf 83' lang='lat' dir='ltr'>auequam</span> <span class='ocrx_word' id='word_1_293' title='bbox 917 4272 1113 4432; x_wconf 55' lang='lat' dir='ltr'>perspicuum</span> <span class='ocrx_word' id='word_1_294' title='bbox 1131 4339 1673 4493; x_wconf 41' lang='lat' dir='ltr'>evidentiffimumquemecapiegf)</span> 
     </span>
    </p>
   </div>
   <div class='ocr_carea' id='block_1_8' title="bbox 0 0 2286 5828">
    <p class='ocr_par' dir='ltr' id='par_1_8' title="bbox 0 0 2286 5828">
     <span class='ocr_line' id='line_1_39' title="bbox 0 0 2286 5828; baseline 0 0"><span class='ocrx_word' id='word_1_295' title='bbox 0 0 2286 5828; x_wconf 95' lang='lat' dir='ltr'> </span> 
     </span>
    </p>
   </div>
  </div>
 </body>
</html>
