4500 5834
701 736 776 907 ῃ),
874 785 1243 864 -rrrsroarn
1283 789 1547 868 carrica

701 1068 724 1107 ,‚
746 1019 789 1083 At
809 1015 884 1083 illud
902 1030 999 1094 aeque
1012 1012 1192 1095 contingit,
1216 1029 1251 1079 ut
1269 1029 1334 1079 tam
1354 1033 1411 1093 ea,
1434 1036 1513 1100 quae
1536 1034 1649 1102 optant
1667 1020 1774 1084 horni-

699 1152 723 1191 ,‚
744 1121 822 1178 nes,
839 1116 930 1182 quam
948 1112 1032 1188 quae
1047 1091 1192 1179 sperant,
1209 1116 1321 1163 eorum
1338 1100 1582 1183 cogitationibus
1602 1102 1632 1164 dt
1649 1103 1774 1179 menti,

700 1236 723 1275 ,‚
745 1185 818 1249 dum
847 1176 1000 1259 vigilant,
1023 1178 1201 1246 identidem
1225 1180 1450 1260 obversentur,
1473 1182 1504 1246 ἃ
1528 1184 1570 1249 fic
1593 1182 1709 1262 facile,
1737 1200 1774 1250 ut

613 1323 614 1328 ,
703 1320 724 1355 „
747 1261 934 1330 Claudianus
952 1260 1015 1337 ait,
1037 1260 1142 1348 sopito
1159 1283 1316 1349 corpore,
1333 1263 1467 1334 sensibus
1483 1268 1515 1331 in
1534 1267 1643 1333 somno
1662 1287 1773 1334 recur-

598 1355 604 1364 '
744 1347 854 1414 rant”.

700 1400 722 1437 ”
740 1428 774 1495 N
784 1448 830 1497 os
861 1446 1114 1511 umcuroun
1139 1430 1289 1497 rectorum
1316 1452 1387 1497 earn
1409 1433 1546 1517 eligendi
1567 1434 1774 1510 libertatem,

700 1534 799 1600 quam
815 1511 972 1598 poscimus
995 1514 1070 1599 ipsr,
1092 1516 1325 1599 relinquentes,
1347 1519 1476 1584 unicum
1494 1518 1599 1583 adbuc
1618 1518 1771 1601 aliquod,

695 1611 874 1681 'autequam
891 1615 1095 1683 peroremus,
1118 1596 1254 1684 superius
1271 1601 1335 1679 iarn
1352 1600 1441 1665 distis
1458 1602 1490 1664 in
1507 1599 1570 1664 fine
1591 1601 1778 1668 subnectere

701 1679 883 1749 consultum
902 1681 1067 1759 duximus,-
1084 1681 1124 1747 de
1143 1703 1207 1749 uuo
1223 1684 1359 1768 quodam
1379 1684 1575 1756 somaro,
1597 1686 1703 1767 quod,
1723 1698 1775 1748 ut-

692 1766 782 1855 'pote
809 1763 903 1850 plane
929 1765 1094 1842 divinum,
1118 1779 1284 1850 totumque
1312 1766 1525 1842 admirabile,
1557 1770 1597 1833 ab
1626 1768 1783 1832 omnibus·

697 1850 820 1921 merito
846 1850 1066 1934 exciperemus
1092 1848 1248 1933 reliquis,
1278 1869 1379 1933 quae,
1410 1850 1579 1915 Audorem
1598 1848 1694 1914 secuti
1715 1869 1777 1915 no·

698 1931 822 2010 strum,
847 1930 902 2017 ipfi
928 1928 1036 2017 paullo
1065 1944 1159 1995 antea
1183 1931 1360 2014 rejecimus.
1385 1931 1466 1999 lllud
1491 1951 1570 1997 vero
1596 1953 1715 2009 unum,
1741 1934 1778 1999 ia

724 2036 767 2083 uo
796 2013 866 2082 sunt
890 2015 999 2080 omnia
1017 2015 1164 2098 egregia,
1188 2013 1348 2099 praeclara
1373 2016 1500 2090 omnia,
1533 2035 1775 2094 somnium,

641 2115 644 2125 '
698 2035 857 2185 §cipionis
879 2096 944 2176 est,
974 2095 1172 2163 aCicerone
1192 2098 1285 2163 nobis
1308 2095 1535 2163 conservatum.
1579 2098 1653 2163 Sive
1688 2102 1777 2163 enim

691 2197 805 2250 ‘totum
824 2181 899 2249 huic
922 2180 1047 2248 Austori
1067 2181 1291 2265 inventorique
1310 2182 1505 2257 tribuamus,
1528 2194 1563 2245 ut
1580 2182 1605 2243 is
1624 2179 1707 2246 solus
1725 2180 1773 2247 ef-

687 2264 827 2342 ⁴finxerit
861 2280 956 2351 atque
995 2266 1227 2341 exornaverit,
1266 2263 1390 2349 suisque
1416 2266 1456 2330 de
1489 2264 1537 2327 Re
1561 2263 1665 2329 ublica
1689 2265 1774 2331 libris

696 2349 888 2420 adornandis
907 2348 1085 2416 adhibuerit
1096 2368 1106 2426 3
1132 2346 1230 2414 multa
1249 2361 1356 2413 tamen
1375 2349 1406 2413 in
1433 2369 1474 2413 eo
1493 2350 1615 2424 inunt,
1640 2368 1705 2413 non
1727 2346 1773 2415 so

696 2434 767 2502 lum
787 2452 868 2518 quae
898 2430 1081 2508 Ciceronis,
1105 2429 1159 2495 sed
1186 2429 1217 2494 ἃ
1244 2433 1389 2497 omnium
1416 2448 1491 2497 ante
1511 2430 1611 2516 ipsum
1632 2429 1771 2497 Philoso-

691 2518 838 2606 phorum
858 2512 979 2581 sensum
998 2534 1035 2580 ac
1053 2513 1249 2599 percipiendi
1266 2514 1369 2580 intelli
1393 2515 1530 2599 endique
1550 2513 1685 2580 modurn
1704 2516 1771 2581 lon-

691 2601 740 2687 'ge
757 2596 930 2683 superant:
964 2598 1038 2663 Sive
1064 2596 1298 2666 revindicemus
1325 2536 1391 2685 iplrg
1404 2599 1574 2684 Scipioni3
1606 2613 1640 2662 at
1670 2599 1772 2664 multo

678 2682 804 2756 adhuc
827 2681 929 2765 magis
953 2682 1050 2748 etiam
1078 2682 1118 2746 de
1138 2701 1179 2747 eo
1197 2681 1368 2748 dicendum
1388 2684 1468 2760 erit,
1493 2682 1622 2766 quaein
1640 2680 1697 2748 illo
1716 2682 1770 2747 So

686 2766 789 2836 'maio
816 2765 1042 2844 continentur,
1069 2766 1182 2831 eadem
1201 2782 1328 2851 captum
1355 2766 1447 2850 hujus
1467 2768 1576 2832 militis
1593 2765 1770 2850 ingenium-

696 2871 761 2937 que
780 2849 844 2915 late
863 2850 1097 2916 transscendere
1111 2849 1207 2915 :Sive
1222 2847 1335 2932 laeliq
1350 2851 1464 2935 aliique
1481 2851 1635 2935 Scipionis
1652 2851 1770 2927 amico,

697 2935 751 3021 qui
769 2935 839 3016 ejus
860 2933 892 2999 in
915 2934 1049 3029 gratiam
1068 2934 1227 2999 liberalius
1249 2934 1477 3017 multa,quam
1496 2936 1615 3008 verius,
1636 2934 1768 2997 concin-

697 3017 846 3100 naverit,
870 3015 991 3098 sibique
1016 3020 1056 3084 ab
1078 3037 1118 3081 eo
1142 3032 1284 3082 enarrata
1308 3016 1476 3095 fimularit3
1505 3037 1553 3084 res
1569 3033 1645 3081 vero
1663 3034 1704 3079 ne
1727 3015 1771 3080 sic

695 3102 827 3190 quidem
849 3100 1037 3168 difficultate
1059 3102 1179 3165 carebit
1203 3099 1233 3163 ἃ
1254 3098 1419 3166 dissecatur
1441 3102 1568 3185 potius,
1589 3118 1683 3183 quam
1705 3095 1768 3162 sol-

690 3186 801 3263 vitur,
823 3186 934 3253 nodus.
957 3184 1055 3251 Porro
1077 3185 1109 3250 in
1132 3184 1247 3249 eodem
1264 3186 1372 3251 omnia
1394 3184 1611 3267 deprehendas
1631 3180 1771 3248 somnio-

688 3285 763 3337 rum
786 3289 912 3353 genera.
938 3269 969 3334 Si
997 3284 1120 3334 tantum
1144 3282 1179 3333 ut
1201 3269 1342 3334 naturale
1363 3267 1505 3353 spedas,
1528 3268 1705 3333 &naturae
1722 3264 1771 3331 cf-

694 3349 821 3419 seond
843 3369 1010 3450 acceptum
1033 3352 1174 3430 reseras3
1193 3352 1258 3437 ipse
1279 3354 1337 3419 tibi
1356 3354 1417 3418 hoc
1439 3355 1597 3435 ingenue,
1612 3349 1772 3436 nostrique

624 3461 626 3465 ·
693 3435 862 3503 dostrinae'
882 3436 1018 3503 Drsticbi
1045 3453 1286 3521 congruenter,
1319 3439 1363 3501 ita
1387 3436 1587 3512 confitetur,
1619 3434 1664 3499 ait
1685 3437 1770 3500 enim

683 3521 924 3596 occasionem,
954 3519 1050 3606 'quam
1084 3522 1114 3584 ei
1146 3519 1321 3586 Mall'anilsa
1341 3540 1399 3585 rex
1421 3519 1624 3605 praebuerit,
1647 3520 1770 3605 oppido

690 3603 784 3675 fuisse
806 3605 1001 3670 naturalem:
1031 3606 1206 3670 Sermonem.
1228 3605 1350 3688 inquit,
1374 3609 1404 3667 iu
1427 3607 1546 3668 inultum
1576 3602 1682 3668 nouem
1704 3618 1769 3687 pro-

691 3693 848 3767 duximus,
870 3687 1029 3773 cunrsenex
1046 3690 1143 3762 nibil,
1161 3687 1214 3766 nist
1232 3690 1265 3751 de
1281 3686 1442 3767 Africano,
1467 3692 1642 3771 loqueretur,
1663 3692 1769 3752 omnia-

691 3798 746 3865 que
763 3780 822 3865 ejus
838 3772 993 3857 nonsoium
1010 3771 1113 3853 sada,
1127 3771 1285 3853 sedetiam
1311 3771 1388 3835 dida
1414 3772 1585 3853 memimffet.
1635 3771 1768 3846 Deinde,

687 3878 722 3931 att
740 3866 863 3930 cubitum
881 3854 1066 3943 disceffimus,
1091 3873 1133 3916 me
1151 3852 1187 3922 δ’
1199 3851 1302 3937 fessam
1319 3855 1354 3916 de
1372 3858 1443 3929 aiu,
1469 3853 1505 3926 ὅθ
1522 3854 1572 3938 qui
1591 3852 1630 3916 od
1648 3855 1766 3929 mulam

689 3946 796 4013 nollem
814 3943 991 4032 uigilaffem,
1013 3938 1135 4010 ordior,
1161 3955 1246 4021 quum
1255 3936 1361 4020 solebat
1373 3980 1394 4013 ,.
1404 3937 1518 4019 somnus
1537 3937 1695 4018 complexus
1712 3931 1760 4016 est.

688 4030 750 4097 Hic
768 4031 839 4097 mibi
860 4028 957 4112 (credo
982 4021 1108 4107 equidem
1133 4037 1169 4082 ea
1191 4021 1258 4097 boc,
1286 4019 1358 4103 quod
1380 4038 1492 4085 erurrtus
1512 4021 1616 4085 bruti:
1635 4019 1671 4103 fit
1688 4019 1763 4081 enim

679 4115 794 4198 serem
817 4120 1154 4177 coorrnrrouus
1179 4120 1499 4185 sermonesque
1520 4117 1677 4167 nosrar
1698 4118 1764 4164 ra-

685 4207 827 4263 itrsur
851 4206 1044 4273 neroum
1066 4204 1113 4251 trs
1137 4204 1282 4251 sonno
1303 4188 1377 4262 tole,
1401 4190 1483 4271 quale
1499 4189 1533 4251 de
1552 4183 1763 4268 Hmterosrri·

685 4282 729 4347 bit
752 4278 883 4354 Ennius,
904 4278 938 4341 de
963 4293 1016 4358 quo
1038 4271 1170 4335 videlicet
1190 4268 1348 4352 Juepzffime
1374 4274 1500 4353 vigilans
1518 4269 1627 4351 solebat
1642 4271 1767 4351 cogitare

684 4361 723 4436 δ’
740 4359 998 4443 ΙοᾳαὶΜῘτίεαητις
1007 4354 1041 4441 se
1056 4348 1182 4437 afletada
1205 4353 1295 4418 Nihil
1314 4353 1367 4419 hic
1407 4369 1510 4419 taeter
1527 4353 1691 4417 ordinem:
1703 4350 1767 4417 Sed

644 4483 646 4487 Δ
683 4460 782 4534 quam
805 4440 1005 4510 diverfiffima
1026 4438 1067 4507 ab
1083 4437 1134 4505 his
1153 4454 1191 4503 ea
1208 4437 1359 4508 interiora
1377 4373 1511 4517 loomii,
1534 4454 1617 4522 quae
1632 4433 1766 4522 sequun-

1131 4569 1138 4581 .
1694 4532 1768 4599 tur,
