4500 5834
576 756 662 843 ςιι1
774 741 780 752 ·
831 724 1148 814 rarsroara‘
1198 725 1471 839 cnrrrcr}

1401 865 1684 887 ,ια-Ἄ

588 960 802 1036 Fauttta
825 974 978 1035 urcnr,
1008 973 1128 1041 quaa
1155 973 1366 1025 uocuuua
1389 975 1509 1025 sunu
1541 976 1678 1029 nouo.

671 1070 830 1142 Historica
851 1069 944 1156 saepe
966 1064 1051 1134 faeta
1071 1070 1252 1148 recondunt
1274 1066 1422 1138 fabulae:

668 1173 894 1246 Httaontn
917 1165 1011 1253 saepe
1035 1168 1132 1235 tradit
1154 1166 1186 1233 dt
1207 1166 1273 1256 ipsa
1294 1187 1516 1238 inautus.

830 1281 878 1348 De
902 1276 1020 1363 Jeme
1041 1278 1079 1353 fii
1098 1279 1209 1347 Parilis
1229 1282 1346 1349 malas.

719 1396 936 1482 Juvruaar
956 1394 1036 1463 duae
1055 1394 1224 1465 venulhtm
1241 1412 1350 1465 amant
1366 1394 1546 1485 puellulae.

667 1488 853 1564 Diffimulat
870 1486 925 1553 illa
944 1507 1115 1558 amorem:
1137 1490 1262 1561 simulat
1284 1495 1384 1562 altera

617 1593 621 1598 “
669 1588 716 1657 Et
735 1583 843 1655 oscula
859 1581 974 1671 sponte
993 1588 1149 1676 praebet,
1171 1591 1204 1659 iu
1224 1592 1392 1678 amplexus
1410 1594 1502 1665 nait:

667 1681 823 1760 Lasciva,
846 1676 973 1761 facilis,
996 1699 1085 1769 grata
1103 1682 1213 1753 risibus
1233 1685 1371 1772 &incia

673 1777 870 1876 Quaerentia
885 1775 941 1843 illa
956 1778 1047 1847 baliis
1066 1779 1098 1846 se
1117 1778 1296 1859 subtrahit,

673 1874 910 1946 incontinentia
928 1876 1065 1944 verbere
1091 1872 1206 1944 sauciat
1234 1895 1368 1954 manue,

669 1975 746 2043 Nec
762 1973 993 2058 adloquentem
1012 1972 1077 2040 fine
1097 1973 1225 2059 querela
1242 1969 1395 2054 sustinet,

674 2075 815 2150 Severa,
838 2072 933 2149 dura,
956 2072 1077 2156 rigida,
1103 2074 1239 2152 acerba,
1262 2072 1422 2159 pertinax.

671 2170 763 2266 Quid
776 2167 900 2236 faceret
918 2166 1002 2234 ille?
1026 2168 1193 2237 Creditam
1213 2188 1321 2237 amare
1338 2170 1467 2258 deperit

671 2267 718 2337 Fa
738 2267 848 2335 limina
866 2265 1056 2353 obsequium
1073 2268 1243 2337 abnuentis
1260 2266 1386 2335 deserit.

670 2364 767 2457 Qrae
788 2360 885 2428 tristia
902 2362 934 2429 iu
951 2359 1119 2428 seceffiblls
1136 2363 1235 2447 agitat
1253 2362 1367 2429 otium.

675 2462 703 2529 F
712 2477 915 2536 unauna,
937 2477 1058 2526 nomeu
1071 2460 1188 2544 alteri,
1213 2459 1307 2525 donis
1326 2461 1399 2526 beat

674 2553 745 2619 Suis
761 2564 943 2627 amantem,
968 2562 1092 2617 certum
1111 2551 1229 2628 amari,
1253 2548 1300 2617 ast
1317 2552 1482 2625 credulum

670 2649 779 2720 Nimia
795 2644 934 2715 dolosae.
961 2644 1074 2716 Voluit
1093 2646 1159 2734 ipsa
1177 2648 1223 2716 nil
1241 2650 1326 2734 prius
1336 2693 1347 2727 ,

674 2745 861 2814 Subducere
878 2755 914 2809 ut
932 2739 1023 2808 rivali
1043 2743 1182 2809 amicum
1204 2764 1212 2808 :
1236 2742 1298 2812 Sed
1316 2764 1450 2831 procum

671 2840 739 2906 Sibi
756 2832 939 2903 reddere&
957 2835 1096 2920 petitum
1114 2839 1231 2904 amoris
1249 2835 1418 2910 aemulum.

671 2930 765 2997 Voto
779 2933 883 3015 potita
902 2949 910 2992 :
935 2926 1050 2995 Valeat
1067 2928 1148 3007 iste,
1172 2932 1281 3017 quoad
1297 2934 1393 3002 liceti

672 3030 726 3099 Sic
741 3025 846 3113 satur,
870 3024 1008 3092 &fimul
1026 3026 1162 3093 remittit
1180 3030 1340 3108 nuntium,

674 3126 720 3193 Et
738 3123 901 3209 quaelibet
919 3122 1039 3207 repetit
1056 3120 1108 3189 sua
1126 3122 1227 3209 ipsum
1246 3144 1382 3196 munera.

673 3226 854 3310 Utramque
873 3223 1011 3288 amando
1026 3220 1128 3288 semet
1147 3223 1213 3309 ipsc
1233 3227 1389 3313 perdidit,
1420 3269 1423 3278 ·

674 3322 797 3391 infidus
818 3319 885 3395 illi,
909 3316 962 3383 sed
981 3314 1085 3384 fidelia
1101 3319 1264 3403 persidae,

673 3424 849 3504 Utriusque
868 3435 1012 3483 amorem
1028 3417 1168 3502 perdidit
1188 3419 1283 3489 miser
1299 3419 1400 3491 simul.

736 3520 887 3591 Miserata
909 3535 1028 3584 nausa
1049 3517 1264 3607 transfugam,
1292 3524 1324 3590 id
1341 3542 1461 3594 nomeu
1474 3521 1543 3597 fuit
1580 3533 1592 3562 '

586 3659 590 3665 -
673 3621 761 3692 Prius
781 3617 956 3682 adamatae.
997 3614 1166 3685 Gloriosae
1185 3619 1319 3705 virginis
1518 3625 1524 3636 “

649 3715 651 3719 ’
673 3720 748 3791 Nec
765 3718 829 3800 jam
851 3712 938 3780 ausus
957 3711 1024 3799 ipse
1041 3711 1187 3801 flagitare
1201 3719 1350 3801 nuptias,

673 3817 768 3911 Quae
789 3812 910 3879 ditioris
929 3810 1081 3900 spreverit
1098 3814 1318 3895 connubium,

561 3981 568 3992 ,
673 3917 726 3984 Illi
745 3913 860 3979 lubens
879 3907 1064 3976 famulantis
1082 3909 1189 3977 elocat
1209 3933 1354 3999 operam.

673 4016 722 4083 Ut
738 4012 821 4080 vidit
837 4009 891 4075 illa
906 4006 1130 4092 sobriumque,
1155 4011 1363 4091 industrium,

672 4111 808 4179 Suetum
826 4103 947 4181 labori,
969 4102 1200 4191 deditumque,
1223 4126 1260 4173 ac
1284 4106 1469 4190 strenuum,

675 4209 748 4280 Hac
762 4203 847 4273 vitia
865 4199 896 4268 se
915 4198 1089 4281 modestia,
1115 4202 1310 4269 constantiae

546 4298 551 4310 '
674 4300 812 4388 Tradit,
831 4301 1000 4391 dicatque,
1022 4298 1252 4391 consecratque
1268 4303 1468 4392 praemium:
1591 4392 1678 4474 om
