4500 5834
584 787 663 875 302
801 755 1120 838 nrsrourn
1171 755 1446 841 curruca

623 973 964 1041 Mutrmonmu
995 963 1093 1027 etiam
1115 982 1134 1027 a
1158 960 1307 1060 Sapiente
1324 987 1565 1058 nonnumquam
1587 973 1649 1041 else

583 1058 739 1124 rationem
756 1050 954 1127 habendam,
977 1065 1044 1113 non
1060 1045 1127 1112 fine
1151 1064 1273 1115 ratione
1290 1047 1390 1118 filium
1414 1057 1568 1123 admonet
1588 1056 1650 1124 Ca·

583 1159 637 1219 to,
661 1144 704 1205 ita
725 1131 873 1229 quidem,
897 1147 933 1228 ut
953 1150 995 1198 ne
1013 1146 1138 1226 temere
1154 1151 1304 1231 umquam
1321 1136 1482 1232 adverlitm
1504 1139 1537 1204 se
1566 1141 1651 1207 illiue

545 1345 551 1353 .
582 1217 1654 1372 Plldlllssllldl‘illildnblmllnllllzrlff

576 1313 661 1458 idzsss
675 1350 815 1469 dirigas}
839 1382 868 1449 Α
886 1344 1088 1452 multinsdine
1105 1383 1184 1448 nihil
1205 1349 1299 1464 ficri:
1318 1324 1397 1454 ssilril
1416 1391 1485 1455 iniri
1501 1392 1652 1456 monera.

579 1487 633 1548 te,
657 1466 856 1565 moderabile
874 1465 998 1535 suaderi
1014 1467 1114 1562 nillil,
1141 1466 1186 1533 nil
1200 1466 1266 1533 sani
1284 1472 1437 1554 judicari,
1460 1476 1568 1539 omnia
1586 1490 1653 1541 tur·

578 1651 740 1788 affiatu
754 1655 853 1798 nibiel,
876 1679 1122 1816 unum’praeter
1138 1718 1225 1815 boet,
1246 1721 1333 1807 qood
1359 1659 1654 1815 mnfiqlqtpqsrpqmo

625 1808 636 1874 i
653 1804 795 1889 invicem
811 1820 977 1872 contrario
1011 1802 1145 1889 Semper
1159 1820 1246 1868 enim

697 1947 844 2018 Scinditur
862 1939 1115 2030 mmmssttdiu
1134 1944 1168 2009 io
1185 1944 1324 2010 curtalo
1341 1944 1458 2031 uulgus.

575 2107 696 2181 Porro:
718 2109 806 2207 Quid
822 2079 977 2178 cumillis
995 2124 1090 2192 agas,
1114 2105 1169 2193 qui
1188 2124 1458 2257 ffirmcumque
1474 2128 1579 2174 renam
1595 2110 1655 2174 vel

574 2214 596 2263 a
619 2194 793 2272 endamm,
810 2194 866 2260 vel
882 2195 989 2263 nunde
1000 2188 1088 2260 reste
1105 2209 1187 2275 agen
1267 2210 1321 2267 m,
1341 2186 1482 2257 nesciant
1501 2193 1657 2261 modum?

577 2213 645 2371 (Ξυί
661 2277 715 2342 vel
734 2291 914 2363 nequeant,
936 2275 992 2344 vel
1008 2273 1132 2350 nolint,
1151 2273 1246 2359 quale
1264 2273 1302 2340 fit
1317 2270 1489 2341 discrimen
1508 2276 1592 2341 inter
1607 2274 1656 2341 sas

576 2356 1330 2528 nee
1345 2380 1634 2545 ,n

1640 2487 1654 2521 9

574 2524 969 2676 s‘sssl’nst‘ssussss
985 2522 1241 2693 ‘qldldlll
1259 2525 1655 2677 {lasslsrsssssssl

574 2690 734 2759 sentinaa
772 2709 813 2757 ue
837 2689 1000 2768 colluvie,
1020 2694 1071 2758 ω’
1149 2651 1259 2777 υἷὶᾳυε
1284 2693 1336 2778 ff
1348 2692 1514 2780 sententias.
1551 2692 1652 2759 Deni-

621 2795 666 2841 et
689 2792 752 2854 con
781 2773 836 2841 'tui
866 2771 898 2838 &
924 2773 1053 2842 decerni
1083 2774 1192 2840 omnia
1216 2794 1282 2840 non
1307 2777 1468 2844 rationum
1485 2777 1651 2862 pondere,

589 2859 630 2925 ed
656 2858 719 2924 hoc
735 2857 790 2925 vel
819 2855 875 2923 illo
903 2858 1003 2923 modo
1027 2856 1229 2925 sentientium
1255 2879 1413 2940 numero;
1437 2880 1501 2945 quo
1528 2859 1652 2925 scilicet

574 2939 636 3010 fint
651 2940 777 3029 plures,
800 2939 855 3026 qui
882 2941 916 3006 in
942 2941 1126 3008 alterutram
1151 2940 1349 3011 consentiant
1374 2957 1515 3030 partem,
1538 2960 1580 3006 eo
1597 2940 1652 3007 fir·

575 3027 658 3093 nius
684 3024 771 3090 illam
798 3022 946 3088 camdem
973 3021 1101 3101 sanciri,
1170 3023 1310 3091 sthabitis
1329 3026 1473 3093 omnibus
1492 3022 1649 3102 aliorum,

576 3106 755 3177 forsitan&
773 3108 1099 3200 majorismomenti,
1134 3105 1286 3192 uffragiis.
1320 3109 1397 3205 Quis
1415 3128 1494 3176 vero
1510 3105 1649 3187 nesciat,

621 3189 714 3258 od&
733 3190 889 3276 sapienter
907 3194 1044 3256 innuerit
1060 3189 1230 3269 ErasmuS,
1255 3195 1287 3259 in
1307 3194 1371 3259 hoc
1396 3190 1462 3279 ipso
1479 3188 1650 3257 Disticho:

576 3214 778 3361 Quanquam,
806 3270 954 3359 profesto
971 3318 982 3351 ,
1002 3277 1108 3359 optima
1127 3276 1239 3359 placere
1263 3276 1463 3342 multitudini
1491 3273 1653 3341 Praestare

575 3360 698 3446 itaque,
709 3354 830 3424 fortem
846 3354 964 3441 justum
988 3358 1141 3424 uevirum
1151 3358 1205 3423 vel
1216 3359 1349 3426 adverso
1358 3357 1538 3426 oonfliliare
1548 3355 1651 3425 flumi-

568 3445 630 3520 ni,
644 3460 739 3528 quam
757 3440 915 3523 eiusmodi
934 3460 973 3506 ae
1021 3440 1080 3508 osia
1094 3439 1239 3509 fluetibus
1258 3445 1290 3510 in
1301 3442 1489 3529 Charybdin
1509 3444 1649 3527 aliquam

574 3542 630 3593 aut
647 3522 785 3620 Scyllam
799 3525 1019 3611 abripiendum
1039 3525 1139 3623 semet
1158 3525 1265 3623 ipsum·
1277 3530 1475 3615 permittere.
1496 3525 1565 3593 Eae
1584 3524 1654 3592 fere

564 3609 647 3678 sunt
672 3623 830 3686 rationes,
854 3627 938 3693 quae
965 3629 1056 3677 oanni
1080 3626 1147 3677 tem
1171 3630 1227 3676 ore
1257 3612 1402 3697 inpulere
1425 3610 1566 3689 multos,
1592 3624 1649 3688 ut,

574 3691 691 3762 relillis
713 3691 879 3758 hominum
898 3692 1119 3773 societatibus,
1159 3696 1211 3773 bi,
1224 3714 1376 3781 quantum
1393 3695 1538 3782 pollent,
1565 3695 1652 3759 vive·

573 3791 648 3845 rent
672 3772 760 3852 soli,
789 3791 943 3860 extraque
969 3796 1100 3843 omnem
1123 3780 1210 3843 vitae
1233 3780 1336 3846 civilis
1364 3799 1494 3847 nexum.
1530 3778 1651 3846 Contra

574 3880 657 3945 quos
677 3860 819 3945 graviter
841 3861 959 3943 ubique
978 3858 1116 3945 disputat
1135 3860 1273 3944 Cicer0,
1298 3865 1367 3943 cui,
1390 3879 1425 3929 ut
1441 3863 1575 3948 inquiti
1601 3859 1649 3938 se,

573 3946 669 4009 unice
691 3945 806 4028 placer,
828 3947 956 4010 mxima
979 3945 1031 4031 effe
1058 3943 1090 4008 ὅ(
1115 3946 1168 4032 effe
1193 3951 1305 4033 aptiora
1330 3960 1449 4016 warde
1475 3966 1510 4014 to
1540 3881 1651 4034 effisos

573 4045 654 4169 Ἅμα.
674 4046 711 4093 ex
736 4030 950 4104 conmanere,
972 4046 1058 4113 quam
1080 4046 1131 4109 eo,
1163 4050 1236 4117 quae
1262 4053 1299 4100 ex
1322 4034 1475 4119 cognatam
1503 4032 1652 4097 domum

603 4108 751 4177 udiamus·
772 4109 895 4197 ipsum,
929 4124 965 4177 ut
990 4111 1024 4177 in
1047 4112 1112 4177 hoc
1138 4132 1173 4180 ar
1252 4131 1331 4184 ento
1356 4135 1423 4184 non
1447 4113 1654 4180 mediocriter

574 4188 752 4281 retiatum,
773 4193 926 4278 jallatum
945 4196 1043 4261 etiam
1060 4194 1171 4264 difficil
1185 4202 1257 4267 nnis
1278 4202 1456 4287 quibusque
1482 4194 1653 4283 tempesta-

573 4272 658 4365 tibus
663 4313 680 4366 ρ,
700 4276 888 4365 diversisque
905 4280 1017 4346 modis.
1062 4279 1114 4347 Sic
1134 4281 1190 4358 ille
1209 4287 1242 4355 in
1260 4285 1345 4355 libro
1362 4283 1432 4349 fere
1456 4283 1589 4357 medio,
1612 4280 1654 4345 de

573 4350 697 4422 Odicus
711 4354 737 4423 1.
758 4360 881 4434 secutus
897 4363 964 4447 ibi,
983 4378 1019 4438 ut
1036 4362 1101 4453 ipse
1120 4363 1260 4452 fatetur,
1277 4366 1451 4459 porrffmm
1468 4365 1659 4517 sadanma
