4500 5834
760 836 1798 880 ι....----··-··-·-·-·-···-······-····---υ

793 944 875 1017 Sur
887 960 923 1010 rs
941 955 1024 1025 μυ
1044 947 1139 1016 atque
1156 931 1282 999 abunde
1301 931 1459 1001 ostensum
1476 933 1565 1022 supra
1583 933 1818 1010 est,interme·

747 1027 882 1094 diorum
900 1025 932 1090 in
957 1020 1107 1083 librorum
1135 1015 1329 1099 prooemiis,
1360 1017 1470 1086 harum
1494 1015 1819 1105 praefatiunculam

756 1109 916 1177 anslorem
934 1101 1028 1183 longe
1051 1097 1148 1164 alium
1171 1116 1189 1162 a
1214 1096 1339 1168 Catone
1367 1100 1496 1179 nostro,
1516 1101 1579 1167 five
1598 1099 1819 1170 Distichorum

752 1192 877 1261 austore
887 1231 898 1265 ,
911 1181 1091 1251 habendum
1111 1179 1174 1246 esse
1192 1178 1394 1269 scriptorem:
1415 1184 1563 1282 pleraque
1581 1185 1670 1248 enim
1688 1183 1818 1259 omnia,

753 1273 841 1344 alteri
858 1285 938 1355 quae
962 1264 1178 1340 conveniant,
1208 1262 1261 1331 seu
1290 1282 1442 1354 temporis
1467 1263 1498 1332 dc
1523 1269 1631 1333 aetatis
1660 1266 1820 1331 rationem

752 1358 886 1429 habeas,
910 1349 974 1417 sive
989 1364 1095 1414 mores
1112 1344 1232 1432 species
1246 1363 1340 1434 atque
1358 1349 1572 1438 disciplinam,
1597 1349 1651 1415 seu
1669 1347 1816 1415 intuearis

751 1433 903 1504 scribendi
930 1449 1051 1517 genus,
1075 1428 1266 1497 elocutionis
1284 1447 1352 1498 tum
1371 1434 1622 1520 simplicitatem,
1649 1449 1722 1497 turn
1742 1451 1813 1497 con·

749 1522 957 1602 cinnitatem,
988 1532 1062 1579 cunr
1090 1513 1226 1579 decente
1252 1518 1408 1599 gravitate
1436 1516 1660 1600 combustam,
1694 1515 1814 1601 prorsus

747 1622 815 1672 non
834 1596 1007 1667 convenire
1023 1596 1135 1674 alteri,
1157 1596 1189 1663 in
1208 1616 1272 1681 quo
1291 1600 1433 1665 invenias
1450 1599 1556 1686 aspera
1574 1599 1697 1676 multa,
1725 1596 1813 1664 &in-

750 1703 891 1782 congnra
906 1681 1047 1748 moribus
1063 1681 1179 1766 pariter
1196 1697 1290 1765 atque
1308 1684 1463 1749 aetatibus
1472 1685 1631 1766 ,denique
1642 1681 1674 1745 dc
1692 1684 1811 1748 ratione

749 1769 823 1855 slylr
839 1765 1031 1834 inconcinna
1055 1762 1189 1847 plurima
1216 1783 1253 1829 ac
1281 1765 1448 1832 inamoena
1470 1764 1626 1831 offendas.
1662 1763 1758 1918 (qnae
1773 1769 1810 1831 in

747 1850 935 1925 observata,
947 1845 1087 1913 sufficere
1142 1860 1247 1911 terunt
1266 1851 1471 1935 expurgando
1487 1851 1527 1916 ab
1538 1851 1584 1914 his
1602 1867 1687 1914 naev
1702 1868 1811 1933 segre·

668 2003 671 2008 ,
747 1937 804 2032 gio
823 1930 961 2016 alioquin
980 1925 1097 2015 opuscu
1109 1947 1152 2005 o,
1171 1948 1275 2013 neque
1293 1949 1391 2016 porro
1408 1931 1531 1998 necesse
1549 1934 1629 2008 erit,
1660 1936 1810 2018 inquirere

748 2037 784 2085 rn
800 2036 919 2092 annos,
942 2028 997 2079 aut
1014 2026 1174 2089 aetatem,
1196 2026 1249 2079 aut
1274 2032 1392 2081 nomen
1420 2035 1548 2102 quoque
1567 2015 1724 2098 auctoris,
1750 2033 1810 2083 tam

745 2101 833 2169 male
850 2095 969 2173 seduli,
989 2111 1117 2178 tamque
1137 2094 1338 2182 inauspicati,
1350 2099 1400 2165 cui
1419 2098 1481 2165 hoc
1497 2100 1651 2183 quidquid
1672 2100 1810 2187 estprae·

745 2183 927 2259 sationum,
951 2177 1102 2245 Distichis
1127 2177 1348 2263 quadrifariam
1374 2180 1546 2247 distributis
1566 2181 1658 2267 ipsius
1676 2205 1718 2249 ex
1735 2184 1809 2250 arbi·

745 2269 810 2335 trio
826 2261 1001 2353 praefixum
1012 2307 1028 2357 ,Ι
1048 2276 1101 2357 aut
1118 2281 1191 2326 curn
1217 2262 1308 2328 lande
1333 2281 1500 2350 acceptum
1519 2264 1631 2333 referri
1648 2281 1810 2353 oporteat,

628 2403 636 2418 .
746 2367 801 2420 aut
819 2369 892 2416 cum
909 2349 1081 2495 iffnomrnra
1096 2346 1197 2411 reddi.
1240 2344 1356 2431 Neque
1384 2350 1469 2414 enim
1495 2347 1635 2415 nostrum
1653 2351 1718 2417 eise
1735 2352 1810 2418 arbi·

689 2449 693 2456 ’
746 2450 886 2510 namur,
939 2448 992 2494 um
1017 2430 1160 2494 criticam
1188 2426 1349 2495 scribimus
1375 2433 1488 2498 horum
1517 2436 1692 2502 carminum
1720 2434 1811 2500 hillo·

745 2521 849 2592 riam,
872 2527 926 2579 aut
943 2508 1092 2576 altissimis
1111 2509 1254 2575 involuta
1273 2512 1465 2599 obtetiaque
1492 2517 1657 2596 tenebris,
1679 2518 1811 2585 nimium

745 2596 867 2667 curiose
885 2592 1119 2681 perscrutatos,
1143 2595 1251 2660 omnia
1269 2596 1301 2662 in
1328 2598 1432 2663 lucem
1456 2618 1596 2684 ponere,
1619 2615 1671 2666 aut
1690 2601 1813 2667 sumen·

744 2684 822 2751 dum
841 2680 875 2746 id
899 2676 992 2745 nobis
1018 2677 1137 2763 inpune
1164 2675 1395 2759 existimamus,
1429 2697 1463 2749 ut
1490 2683 1584 2749 dubia
1624 2685 1695 2751 lane
1721 2701 1814 2771 atque

745 2767 868 2834 incerta
894 2781 954 2848 pro
972 2760 1088 2855 certis,
1106 2779 1228 2847 proque
1256 2762 1362 2830 nostro
1380 2764 1482 2831 studio
1509 2769 1583 2833 dete
1616 2770 1659 2846 is,
1682 2767 1712 2833 dt
1737 2767 1820 2854 quafi

744 2849 835 2917 omni
862 2856 1053 2930 exceptione
1081 2846 1201 2926 majora
1224 2843 1324 2913 essent
1346 2848 1480 2928 eadem,
1511 2850 1545 2918 su
1568 2854 1702 2918 eriorum
1725 2869 1819 2918 more

745 2929 963 3005 saeculorum,
995 2922 1260 2993 confidentissime
1287 2932 1502 2999 venditemus.
1586 2935 1680 2999 inime
1707 2954 1813 3001 vero:

742 3014 808 3082 Sed
824 3011 847 3078 s1
865 3010 942 3098 quid
967 3008 1041 3074 alibi
1066 3010 1130 3091 jam
1150 3009 1238 3075 dislis
1263 3013 1335 3079 addi
1357 3014 1443 3099 posse
1467 3016 1590 3083 ulterius
1606 3018 1638 3081 in
1656 3017 1812 3084 eumdem

626 3126 636 3136 ·
741 3097 843 3165 finem
858 3094 1055 3178 judicamus,
1077 3092 1196 3158 etiamfi
1221 3095 1314 3160 nobis
1339 3097 1381 3162 ita
1398 3099 1568 3183 persuasum
1594 3098 1649 3176 sit,
1672 3102 1813 3166 veroid

743 3180 809 3248 esse
828 3178 1008 3265 proximum
1019 3193 1030 3252 3
1057 3195 1121 3240 non
1143 3191 1178 3242 ut
1198 3195 1320 3244 certum
1339 3196 1445 3247 tamen
1473 3198 1524 3249 aut
1542 3182 1684 3249 constans
1701 3186 1814 3250 obtru-

747 3266 853 3331 dimus
869 3262 954 3339 aliis,
978 3257 1032 3323 sed
1056 3258 1195 3325 nostram
1214 3261 1245 3326 in
1263 3280 1323 3341 eo,
1346 3267 1391 3330 uti
1413 3266 1478 3343 est,
1503 3268 1546 3332 ita
1562 3268 1635 3336 dare
1652 3266 1815 3354 possumus

684 3407 687 3422 .
744 3347 956 3430 volumusque
971 3339 1196 3423 conjecturam.

790 3428 991 3524 Quo‘rres
1017 3440 1123 3491 autern
1143 3424 1187 3494 D.
1205 3428 1246 3495 M
1309 3431 1318 3495 i
1339 3432 1466 3501 Ausonii
1482 3434 1712 3522 Burdigalensrs
1737 3455 1812 3522 ope-

752 3534 788 3584 ra
805 3512 1004 3587 evolvimus,
1029 3528 1127 3593 quem
1153 3511 1251 3578 Theo
1273 3514 1353 3581 osius
1381 3516 1537 3603 Augustus
1566 3536 1813 3589 erasurum

746 3595 970 3682 compellare,
993 3612 1087 3674 quem
1115 3595 1256 3662 mulcere
1284 3598 1410 3665 laudum
1436 3604 1619 3682 encomiis,
1653 3624 1751 3689 quem
1779 3623 1812 3667 o-

747 3682 871 3751 mnium
892 3676 1147 3761 summorumque
1167 3679 1325 3749 honorum
1346 3701 1500 3752 exornare
1517 3687 1637 3764 titulis,
1661 3704 1697 3754 ut
1724 3705 1814 3754 avara

748 3782 828 3833 tunc
843 3765 909 3847 jam
925 3777 991 3826 erat
1008 3776 1094 3825 aetas
1109 3763 1298 3857 eximiorum
1318 3765 1471 3847 heroum,
1496 3770 1579 3835 haud
1595 3770 1644 3836 est
1661 3771 1811 3855 dedigna-

747 3863 821 3928 tns3
846 3847 941 3911 toties
958 3863 1053 3920 eum,
1076 3841 1104 3937 fi·
1121 3862 1187 3909 non
1214 3864 1247 3910 m
1265 3850 1412 3915 omnibus
1429 3850 1460 3915 &
1477 3852 1614 3936 ubique,
1638 3854 1748 3940 paffim
1770 3871 1814 3918 ta-

747 3951 846 4007 men,
869 3950 905 3995 ac
929 3928 961 3993 in
979 3926 1143 4022 plurimu,
1168 3929 1292 3995 namin
1320 3932 1476 4019 aliquibus
1502 3950 1627 4003 tantum
1645 3934 1816 4004 manifesto

749 4017 853 4083 rna'or
873 4011 938 4088 est,
968 4009 1064 4102 talem
1085 4022 1196 4092 utrque
1214 4011 1501 4098 deprehendimus,
1519 4020 1639 4104 qualis,
1670 4021 1722 4087 au't
1745 4037 1815 4085 non

750 4117 805 4164 mu
819 4114 887 4163 tuna
903 4096 942 4160 ab
961 4111 1002 4157 eo
1018 4088 1179 4187 diversus,
1203 4094 1265 4160 esse
1278 4103 1422 4189 'potuerit
1447 4104 1557 4170 harum
1586 4101 1817 4190 praefatiuncu-

756 4180 858 4245 larum
877 4174 1012 4253 artifex,
1031 4170 1211 4244 Catoniano
1232 4180 1416 4249 insertarum
1430 4184 1597 4272 opusculo.
1639 4185 1714 4275 Quis
1734 4201 1819 4251 vero

752 4261 831 4328 alius
847 4279 997 4345 umquam
1016 4261 1221 4354 reperiundus
1240 4260 1286 4329 est
1304 4264 1386 4334 inter
1398 4268 1554 4335 litteratos
1570 4270 1709 4337 omniurn
1729 4285 1818 4333 aeta·

753 4358 822 4411 tum
839 4362 951 4413 munes
969 4343 1090 4425 homo,
1112 4360 1147 4413 ru
1163 4363 1261 4430 quern
1285 4350 1404 4433 potiori
1429 4354 1499 4437 jure
1517 4354 1627 4424 cadere
1644 4350 1741 4441 possit
1759 4370 1817 4417 no·

1741 4452 1824 4504 vum
