4500 5834
639 742 1050 829 cxroutann
1087 742 1212 817 tan
1235 693 1286 818 11.
1304 744 1480 821 oanan
1499 738 1548 821 11.
1587 764 1657 845 193

590 978 704 1061 quibus
726 971 956 1039 nihilomnino
977 969 1031 1034 vei
1052 966 1124 1033 addi
1146 968 1314 1051 potuerit,
1348 968 1402 1033 vel
1428 969 1524 1034 demi.
1555 966 1656 1035 Forst·

588 1074 641 1125 tan
658 1062 683 1123 is
697 1055 862 1142 peculiaris
877 1053 1012 1200 {puidam
1040 1049 1151 1197 pppuii
1169 1050 1280 1133 genius
1299 1041 1362 1115 eise
1389 1052 1568 1119 credendus
1586 1048 1654 1130 est,

579 1159 662 1207 cam
677 1138 707 1203 dt
723 1140 755 1204 in
775 1136 874 1203 subdu
909 1138 934 1201 is
955 1151 1054 1220 penes
1082 1149 1225 1198 ummum
1248 1132 1378 1218 angliae
1395 1132 1538 1202 senatum
1558 1134 1654 1200 ratio-

583 1224 698 1299 nibus,
724 1222 804 1288 ultra
823 1221 978 1302 majorem
1001 1214 1185 1283 Millionum
1208 1216 1524 1304 milenariorumque
1538 1235 1652 1284 nume-

583 1325 675 1383 rum,
696 1325 766 1383 ,non
793 1318 915 1368 tantum
943 1300 1113 1368 solidomm
1141 1298 1374 1381 obolorumque
1398 1303 1510 1381 ratio,
1533 1298 1656 1366 summa

582 1409 658 1456 cum
676 1387 881 1453 adcuratione
905 1384 1015 1451 haberi
1040 1380 1161 1462 soleat3
1187 1382 1240 1446 sed
1269 1380 1300 1443 dt
1319 1383 1488 1462 minimae,
1513 1386 1580 1450 imo
1597 1381 1653 1448 vel

579 1472 758 1556 aliquando
784 1466 972 1535 centestmae
990 1469 1142 1552 cujusque
1167 1465 1358 1548 fingulorum
1379 1466 1551 1549 particulae
1569 1466 1650 1533 obo·

583 1556 700 1621 lorum.
725 1554 787 1619 Sed
803 1553 849 1619 uti
867 1551 937 1619 fere
955 1554 1048 1618 rebus
1067 1551 1101 1616 in
1117 1549 1264 1614 civilibus
1272 1545 1532 1644 stamnum,quod
1550 1552 1651 1632 ajunt,

585 1639 645 1724 Jut
664 1658 730 1704 non
748 1636 802 1701 nist
810 1632 923 1722 summu
941 1633 1033 1720 saepe
1052 1635 1163 1718 tajarta
1180 1630 1247 1710 est3
1270 1646 1314 1695 ita
1334 1630 1452 1715 pariter
1469 1630 1652 1714 hujusmodi

583 1722 699 1788 nimius
725 1718 831 1804 rigor,
864 1720 1009 1802 ultraque
1038 1734 1133 1798 quam
1162 1714 1206 1779 sat
1233 1714 1521 1789 est,.minimarum
1547 1734 1653 1782 retum

583 1801 750 1879 adtentio,
771 1802 870 1886 qualis
889 1802 919 1863 dt
936 1800 1107 1941 praecipue
1125 1799 1157 1861 in
1182 1795 1491 1860 Leuwenhoekianis
1509 1798 1651 1863 domina·

585 1903 635 1954 tur
659 1887 805 1960 calculis,
828 1899 952 1949 tantum
976 1883 1035 1944 abe
1075 1922 1085 1952 ,
1108 1894 1144 1941 ut
1163 1877 1369 1942 adstruendae
1389 1877 1483 1962 poffit
1502 1877 1653 1947 inservire

586 1967 682 2049 fidei,
706 1986 742 2037 ut
757 1988 830 2033 eam
848 1967 942 2050 plane
961 1961 1100 2046 destruat
1120 1960 1273 2045 tollatque
1290 1979 1430 2027 onmem.
1549 1989 1551 1994 v

1082 2124 1151 2215 §a

1595 2226 1607 2250 0

624 2272 821 2337 Verrunt
854 2264 936 2365 Quid
950 2263 1042 2348 fidet,
1069 2265 1215 2351 inquies,
1247 2285 1309 2333 tum
1333 2266 1534 2353 Philosophia?
1558 2267 1655 2353 Atqui

578 2352 798 2443 permultum,
822 2348 914 2425 sane,
940 2368 1013 2414 cum
1031 2348 1092 2415 hac
1109 2348 1195 2435 ipsa,
1218 2369 1313 2435 quam
1333 2353 1493 2419 tradimus.
1529 2351 1566 2417 In
1584 2352 1652 2416 aliis

584 2438 673 2502 enim
693 2454 757 2499 non
778 2433 890 2500 sufficit
909 2426 1039 2515 disserite
1061 2435 1237 2518 quaedam,
1259 2446 1341 2518 quae
1359 2445 1513 2511 vocatur,
1537 2436 1654 2500 verita-

580 2534 654 2584 tum
671 2518 802 2594 notitia,
821 2515 876 2582 sed
886 2511 1090 2599 philosophico,
1111 2516 1166 2581 sed
1181 2519 1329 2613 propriae
1345 2517 1454 2583 innixa
1474 2533 1542 2582 tum
1559 2517 1654 2584 ratio·

579 2602 752 2677 cinationi,
777 2616 846 2667 tum
871 2598 1111 2683 experientiae,
1137 2597 1308 2666 firmiflma
1325 2602 1482 2685 quaedam
1510 2601 1655 2685 cognitio

580 2706 620 2752 ac
657 2680 787 2749 ersuasro
812 2684 900 2758 talis,
926 2682 1053 2765 qualem
1071 2683 1201 2767 plenam
1227 2684 1389 2770 appellare
1417 2682 1556 2750 solemus
1575 2703 1653 2749 con·

580 2771 614 2835 vi
649 2770 785 2832 ionem:
821 2767 857 2833 In
875 2768 934 2830 hac
954 2764 1080 2842 nostra,
1099 2767 1268 2850 requiritur
1300 2766 1420 2852 saepius
1446 2768 1477 2832 dt
1504 2764 1569 2853 ipsa
1597 2766 1653 2832 iila

579 2850 710 2935 biJiorica
735 2851 931 2934 aliorumque
953 2847 1106 2914 duntaxat
1133 2851 1269 2915 innitens
1296 2849 1505 2929 testimoniis,
1529 2865 1564 2916 ut
1581 2870 1678 2935 per-¹

507 3012 512 3021 ι
580 2955 674 3021 quam
689 2933 868 3000 necessaria.
915 2928 1078 3028 Quoniam
1106 2953 1225 3019 nempe
1244 2953 1349 3019 neque
1373 2936 1522 3002 omnibus
1542 2935 1653 3001 datum

581 3017 647 3094 est,
670 3036 733 3084 nec
750 3019 845 3097 licet,
870 3035 1013 3085 omnium
1040 3014 1122 3102 ipsos
1143 3016 1251 3084 facere
1270 3017 1448 3103 perieulum
1475 3017 1649 3103 &permu-

581 3103 740 3166 tationum
770 3121 877 3167 rerum
908 3098 1145 3166 &earumdem
1177 3103 1259 3166 inter
1290 3100 1320 3166 se
1352 3101 1650 3181 combinationum,

579 3183 644 3250 fine
666 3204 829 3259 numero,
860 3181 1072 3260 diversarum3
1098 3182 1326 3333 fidesspropter
1345 3206 1403 3263 ea,
1427 3187 1532 3270 prouti
1552 3187 1584 3250 in
1600 3204 1650 3250 re-

1233 3290 1272 3333 ai

578 3269 641 3334 bus
660 3264 755 3348 gestis
782 3267 868 3339 aliia,
896 3262 926 3327 dt
954 3267 1177 3332 adhibendae
1276 3290 1366 3334 orum
1397 3269 1649 3353 experimentis,

578 3351 684 3430 iisque
705 3351 917 3410 conveniente
941 3348 1056 3431 sibique
1084 3370 1228 3433 congruo
1248 3354 1376 3431 modo,
1407 3352 1438 3416 dt
1458 3373 1553 3435 quam
1576 3371 1649 3437 pro·

579 3432 671 3497 xime
692 3430 758 3577 qari
771 3449 843 3492 cum
862 3427 1000 3504 esseda,
1020 3429 1163 3514 saepius,
1184 3432 1215 3495 ἃ*
1231 3434 1354 3501 diverso
1374 3437 1505 3501 demum
1523 3452 1649 3520 tempo·

577 3532 671 3584 reae
710 3531 794 3588 oco,
819 3509 975 3575 institutis.
1022 3510 1120 3660 qulod
1140 3515 1284 3580 ultimum
1313 3519 1439 3585 Philoso
1464 3522 1534 3586 hiae
1559 3520 1651 3600 hujus

577 3595 865 3664 incommodorum
886 3594 1027 3660 breviter
1074 3594 1239 3677 namque
1257 3614 1377 3666 tantum
1397 3540 1482 3669 hissa
1501 3598 1652 3669 indicasse

579 3680 723 3747 sufficiat.
749 3679 798 3744 Ad
816 3698 896 3762 quae
911 3679 1008 3742 etiam
1026 3677 1209 3744 reserandus
1240 3681 1352 3745 nimius
1371 3686 1446 3765 iile,
1470 3686 1523 3751 sed
1542 3682 1651 3768 adqui-

577 3764 699 3833 rendae
716 3782 824 3829 tamen
846 3761 991 3847 propriae
1018 3764 1110 3828 nobis
1137 3764 1351 3846 experientiae
1374 3787 1541 3854 rerumque
1568 3768 1652 3854 peri·

580 3849 644 3912 tiae
662 3848 803 3932 adprime
820 3847 1002 3910 conducens
1021 3846 1051 3910 ὅ(
1070 3846 1277 3922 necessarius,
1300 3850 1458 3917 rariorum
1476 3872 1514 3918 ac
1540 3849 1653 3928 diversi

552 3972 555 3978 -
581 3932 709 4015 generis
735 3930 1048 4009 instrumentorum,
1082 3951 1306 3997 armorumue
1339 3954 1379 3998 ex
1408 3936 1498 4000 omni
1520 3932 1653 4002 metallo

580 4010 824 4089 confectorum,
847 4015 885 4077 ad
911 4029 1021 4079 aratus.
1042 4015 1110 4092 Ita,
1134 4031 1168 4078 ut
1187 3953 1450 4098 prosatorem
1470 4021 1583 4084 horum
1601 4037 1651 4085 te·

581 4099 791 4173 cantiorum,
816 4034 921 4159 amissa
938 4095 1023 4161 sorte
1043 4117 1100 4182 per
1119 4099 1319 4182 naufragium
1346 4118 1412 4167 tam
1441 4099 1533 4167 desta
1549 4100 1650 4187 supel-

580 4180 708 4256 lectile,
732 4200 806 4245 cum
831 4178 937 4264 priscis
967 4181 1027 4245 iilis
1053 4179 1149 4246 facile
1169 4182 1292 4248 ausurus
1314 4184 1351 4250 stt
1378 4185 1486 4249 dicere
1511 4181 1652 4251 Philoso-

580 4265 672 4352 phis:
693 4280 837 4327 omntn
858 4280 948 4326 11111
970 4280 1124 4329 utacum
1146 4284 1299 4331 Ponto.
1318 4268 1381 4334 Sed
1398 4267 1653 4356 diceretpotius,

580 4346 1287 4433 11111111Ιῖ11111111111101111.

1129 4431 1169 4504 N
1565 4434 1656 4530 Μ.

589 871 1662 901 ..------——---—--——---—·
