4500 5834
541 741 546 749 ·
599 736 675 824 342
843 697 1154 784 HISTORIA
1207 700 1477 797 CRITICA

1421 842 1645 859 -·———--·—0-

598 981 619 1033 a
639 922 1055 1103 fissffsspg'nnlfr'·dixem'
1078 922 1207 991 anobis
1224 921 1315 1012 supra
1330 927 1495 1018 adlegatu)
1518 927 1602 1011 Dist.
1622 925 1667 1017 Π.

597 1065 619 1107 „
888 1056 897 1071 .

722 1132 899 1282 sigma?
920 1125 999 1191 donis
1021 1122 1147 1211 semper
1156 1130 1281 1275 ὥστε
1300 1137 1443 1224 memmae.
1494 1210 1501 1226 ⁹

717 1263 737 1299 „
792 1230 827 1277 m
847 1211 942 1296 opibus
964 1212 1034 1275 aona
1048 1207 1136 1288 sarna
1250 1206 1333 1296 ,sed
1351 1213 1468 1275 mnibus
1488 1204 1565 1294 tpfis.

595 1376 615 1420 ῃ
638 1325 844 1405 Praeceptum
863 1317 958 1406 plane
982 1316 1174 1406 ἀφιλόσοφρν.
1196 1315 1283 1467 Q
1303 1319 1391 1385 enim
1410 1317 1455 1383 est
1471 1331 1580 1405 parere
1599 1309 1670 1378 for·

592 1460 615 1506 ω
636 1423 728 1471 tunae
747 1402 802 1469 vel
824 1402 914 1468 donis
926 1402 1127 1488 eius,quam
1147 1402 1223 1468 indu
1236 1422 1314 1486 gere
1333 1401 1550 1479 vanitati,vel
1569 1399 1668 1464 rebus

591 1540 612 1577 „
637 1487 767 1554 terrenis
793 1500 936 1564 tantum,
958 1502 1110 1571 quantum
1138 1483 1266 1553 fortuna
1292 1472 1435 1571 patitur?
1456 1486 1530 1551 Hoc
1554 1482 1670 1547 videns

591 1621 611 1659 „
633 1571 773 1655 Scaliger
789 1572 822 1636 τὸ
834 1585 953 1655 purete,
965 1568 1048 1655 quasi
1065 1585 1200 1657 oppam
1215 1571 1284 1635 inte
1322 1583 1441 1635 retatur
1460 1570 1669 1649 σομπεόεθαι,

589 1706 610 1745 „
632 1656 895 1744 ἑλλαμπρύνεθαι,
915 1653 1117 1744 Φαντάζειθαι.
1141 1653 1184 1720 Et
1223 1654 1273 1720 uia
1306 1654 1522 1730 entiebat‚fic
1539 1674 1580 1738 qu
1626 1667 1668 1714 ue
1724 1677 1731 1690 ·

589 1790 611 1830 „
632 1755 840 1827 praeceptum
862 1738 924 1804 effe
949 1737 1097 1815 fatuum,
1143 1757 1181 1803 ro
1190 1673 1300 1823 Pemper
1316 1734 1518 1802 confidenter
1534 1758 1600 1802 mro
1633 1751 1666 1797 e·

588 1834 614 1910 ω’
632 1826 729 1912 gebat
740 1842 750 1902 ;
776 1823 974 1907 quodetiam
993 1818 1108 1887 Christ.
1164 1820 1302 1898 numius,
1325 1819 1463 1885 Gilbert.
1483 1819 1667 1894 Wachins,

590 1958 611 2002 ‚,
632 1909 769 1994 aliique,
791 1906 870 1971 tanti
890 1904 958 1971 Viri
976 1904 1173 1970 auctoritate
1191 1902 1338 1985 decepti,
1357 1919 1546 1987 receperunt
1564 1903 1666 1968 eden·

588 2040 610 2078 „
632 2007 680 2057 tes
699 2005 811 2057 contra
831 2007 944 2055 omnes
965 1984 1105 2053 vetustas
1124 1983 1292 2052 Editiones
1309 2004 1374 2049 roro
1386 2000 1494 2080 purete.
1517 1987 1548 2050 Si
1566 1985 1666 2050 Scali-

587 2121 608 2166 „
652 2075 696 2140 eri
722 2071 914 2158 figmentum
941 2072 983 2138 de
1009 2073 1145 2138 notione
1170 2069 1219 2135 τοῦ
1263 2085 1341 2132 arere
1366 2067 1418 2131 hic
1432 2088 1547 2134 verum
1564 2068 1667 2145 effet,

585 2207 606 2246 „
628 2096 730 2224 fensus
749 2172 856 2223 tamen
872 2170 1054 2240 emergeret
1070 2157 1207 2241 ineptus.
1262 2170 1306 2218 on
1323 2150 1409 2217 enim
1427 2169 1497 2219 raro
1512 2151 1544 2216 se
1562 2149 1674 2216 osten·

482 2250 489 2265 '
583 2282 605 2318 „
628 2258 695 2308 tarc
713 2242 805 2309 bonis
832 2238 981 2309 fortunae
999 2240 1114 2317 decet,
1138 2236 1193 2306 sed
1211 2236 1349 2304 dedecet
1370 2232 1504 2321 semper.
1538 2232 1575 2299 In
1591 2232 1669 2300 Edi·

584 2375 606 2413 „
628 2327 716 2392 tione
738 2324 823 2393 Petri
846 2324 993 2393 Scriverii
1017 2322 1063 2392 est
1084 2324 1194 2389 donum
1217 2340 1277 2408 pro
1304 2321 1406 2398 donin
1438 2320 1479 2384 ad
1506 2318 1595 2404 quod
1615 2318 1668 2385 hic

584 2410 873 2496 „intelligendum
900 2408 999 2473 Delio
1029 2420 1175 2473 natatore
1200 2424 1281 2491 opus
1310 2402 1366 2467 est.
1411 2404 1476 2469 Sed
1501 2405 1668 2472 mittamus·

584 2542 604 2580 „
626 2512 723 2562 vanas
744 2494 846 2561 tricas.
870 2488 921 2556 En
941 2490 1145 2557 certissimam
1166 2488 1432 2556 emendationem
1451 2484 1613 2555 nostram:

705 2646 725 2683 „
747 2597 886 2663 ammae
907 2595 985 2662 datis
1006 2609 1109 2663 temet
1129 2594 1292 2682 praeferre
1314 2611 1458 2667 numento·

704 2728 724 2767 „
748 2681 819 2748 Noa
836 2681 931 2766 opibus
952 2684 1023 2745 iona
1037 2684 1126 2761 joma
1149 2682 1254 2763 datur,
1266 2679 1321 2767 sed
1341 2686 1462 2747 motibus
1484 2679 1561 2768 ipsu.
1680 2704 1682 2708 ’

582 2842 603 2884 „
623 2791 695 2877 Jam
712 2789 802 2855 vides
821 2807 939 2855 nexum
958 2790 1144 2876 egregium,
1166 2788 1247 2856 &in
1267 2791 1368 2856 altero
1385 2791 1476 2859 versu
1504 2791 1664 2866 rationem

582 2895 603 2964 ‚3
625 2877 711 2959 ejus,
734 2873 821 2958 quod
838 2872 871 2938 in
888 2871 952 2938 hoc
969 2887 1036 2939 erat
1049 2889 1271 2971 praeceptum.
1296 2873 1369 2951 Te,
1392 2877 1519 2959 inquit,
1538 2875 1661 2962 ipsum,

582 3009 603 3052 „
624 2959 646 3025 i.
667 2976 697 3025 e.
725 2956 866 3026 animum
893 2969 1003 3034 tuum,
1026 2975 1159 3042 ejusque
1188 2957 1282 3022 dotes
1309 2974 1477 3026 memento
1502 2956 1664 3046 praeferte

581 3092 603 3134 „
625 3040 766 3120 divitiis,
790 3040 883 3107 bonis
900 3037 1050 3106 fortunae
1066 3038 1098 3103 dc
1112 3042 1383 3124 ejusmodirebus
1403 3043 1562 3121 externis,
1582 3062 1657 3130 pro·

581 3178 603 3218 „
647 3126 695 3193 rie
722 3125 764 3191 ad
789 3142 848 3191 nos
867 3122 949 3209 ipsos
966 3143 1033 3191 non
1051 3125 1298 3210 pertinentibus.
1332 3126 1397 3191 Cur
1415 3125 1522 3195 vero?
1542 3146 1662 3214 nempe

582 3259 604 3304 ῃ
623 3147 710 3278 gorra
721 3207 815 3275 fama
833 3228 898 3274 non
915 3207 1006 3304 datur
1023 3209 1157 3287 opibus,
1182 3208 1237 3275 sed
1255 3212 1396 3277 moribus
1414 3211 1508 3308 ipsis,
1527 3210 1585 3297 ipsr
1598 3211 1661 3279 ho·

581 3342 602 3382 „
624 3290 754 3359 mini&
781 3295 850 3376 ejus
869 3291 990 3359 virtuti.
1034 3292 1181 3360 Sentisne
1207 3296 1273 3380 jam
1304 3293 1495 3363 sententiam
1526 3296 1623 3362 toties
1645 3315 1664 3365 a

580 3428 602 3465 „
622 3374 821 3525 Philosophis
843 3374 1056 3453 inculcatam,
1080 3374 1184 3444 &tali
1207 3379 1339 3446 doctore
1355 3381 1505 3465 dignam,
1527 3381 1665 3448 minime

581 3510 602 3554 ῃ
625 3481 704 3558 vero
721 3462 865 3556 pebejas
890 3457 1065 3528 ἀπαιδεΰτου
1084 3461 1222 3529 hominis
1243 3465 1398 3530 corticem
1423 3465 1596 3533 lambentis
1615 3466 1664 3532 in·

581 3593 602 3636 „
624 3542 752 3631 eptras‘i
777 3543 880 3611 Varus
905 3544 1005 3625 locis,
1032 3546 1108 3612 licet
1135 3547 1204 3613 aliis
1224 3550 1351 3627 verbis,
1373 3550 1418 3613 ita
1440 3550 1604 3634 loquitur,
1628 3562 1666 3616 ut

578 3677 601 3717 „
614 3629 650 3716 se
668 3627 761 3708 dcte,
782 3626 910 3778 νεῐέὲὶ
922 3629 987 3713 sum
1006 3630 1111 3709 dicat,
1136 3631 1318 3729 intelligens
1332 3652 1450 3720 nempe
1469 3635 1612 3700 animum
1630 3631 1663 3698 dt

579 3759 602 3800 „
623 3715 693 3797 ejus
711 3711 812 3786 dotes.
913 3732 965 3780 em
985 3715 1082 3800 plane
1100 3713 1187 3783 sensu
1203 3714 1449 3802 etramptuejiare
1466 3717 1529 3802 legi
1540 3715 1658 3803 poss'et3

580 3843 602 3883 η
624 3796 678 3893 sed
689 3794 837 3881 praeferre
853 3812 987 3864 nonnemo
1009 3800 1166 3863 ma‘orem
1188 3799 1287 3865 habet
1312 3800 1384 3884 justi
1410 3802 1574 3888 praecepti
1592 3799 1662 3888 spe·

623 3900 718 3976 ciem.
742 3878 890 3966 Ecquam
901 3880 1046 3966 legitima
1060 3820 1146 3946 {racc
1156 3900 1194 3947 ac
1204 3880 1310 3948 facilis
1326 3887 1518 3954 emendandi
1528 3884 1657 3952 tatio''!

577 3925 926 4058 statiliortamenhaec
945 3962 1051 4031 nostra
1069 3983 1152 4031 ean
1173 3983 1274 4032 assa
1296 3986 1357 4053 pro
1379 3988 1566 4039 annena.
1579 3968 1659 4061 Quis

578 4063 667 4140 epam
694 4048 821 4130 ignorat
846 4048 927 4125 istud
953 4047 987 4139 in
1012 4049 1205 4116 membranis
1225 4066 1306 4118 vett.
1326 4050 1482 4121 scribendi
1500 4072 1656 4140 compen·

577 4126 666 4194 dium
683 4132 792 4212 paflim
810 4131 842 4198 dt
862 4132 979 4230 uinique
994 4133 1151 4213 obvium,
1170 4133 1200 4202 ta
1217 4155 1276 4222 pro
1293 4136 1372 4224 effe?
1397 4138 1463 4218 Ita,
1485 4154 1521 4205 ut
1539 4158 1583 4203 ex
1600 4156 1659 4203 vo·

577 4210 668 4277 cibus
683 4224 740 4293 par
766 4217 798 4313 ti
826 4213 983 4313 facillimo
1003 4219 1137 4302 negotio
1165 4220 1206 4294 ab
1232 4221 1388 4307 imperitis
1415 4224 1501 4289 aliud
1521 4224 1661 4297 verbum

570 4306 674 4379 parere
691 4291 799 4383 effing1
821 4314 972 4385 potuerit.
998 4298 1094 4368 Unde
1114 4322 1228 4371 omnes
1244 4305 1318 4375 illae
1334 4322 1424 4374 ortae
1443 4306 1513 4373 sunt
1532 4308 1658 4373 turbae.

459 4402 470 4427 ·
574 4376 641 4452 Sed
667 4374 770 4455 seusus
796 4385 942 4465 ratione,
965 4385 1078 4455 eadem
1103 4388 1198 4455 uobis
1225 4390 1414 4476 nostraeque
1437 4390 1657 4458 emendationi

575 4478 688 4558 mens,
704 4464 876 4560 qtuevito
892 4468 1143 4559 illimatum,
1162 4472 1200 4548 iu
1217 4468 1278 4565 sua
1300 4474 1442 4580 impares
1460 4472 1531 4546 sunt
1548 4472 1656 4646 forge
