4500 5834
484 776 860 870 CATONIANA
910 776 1281 869 Ltdnnil.Dtsr1nu.
1304 793 1458 876 XXXI.
1489 825 1563 909 323

490 999 636 1073 lectionis
654 1004 850 1072 diversitates
867 1001 957 1089 supra
973 1002 1171 1090 propolitae,
1192 1002 1294 1090 ipsum
1311 1009 1400 1078 illum
1418 1016 1566 1084 vetustis·
1633 989 1636 996 ’

450 1109 460 1126 ⁴
488 1088 601 1157 simum
617 1090 745 1174 legendi
763 1089 895 1156 modum
916 1087 1015 1172 longe
1033 1084 1253 1174 praeferimus.
1285 1089 1339 1158 Ne
1357 1097 1434 1179 quid
1455 1116 1564 1171 tamen

488 1171 583 1251 defit„
606 1174 704 1239 etiam
726 1169 972 1240 recentiffimant
998 1171 1172 1248 omnium,
1205 1171 1237 1237 ἀ
1254 1191 1426 1262 propterea
1447 1184 1565 1251 ultimo
1651 1227 1653 1236 .

487 1237 563 1322 loco
580 1254 759 1333 servatam,
779 1253 849 1322 Cel.
872 1250 1155 1340 Withofii‚qualis
1173 1274 1230 1335 ea,
1252 1257 1350 1326 talem
1368 1261 1409 1330 ad
1428 1270 1565 1338 verbum

486 1341 692 1427 proponimus
712 1336 936 1423 conjecturam.
960 1371 1085 1394 --·-
1267 1337 1275 1356 '

565 1508 585 1544 „
608 1455 691 1526 Cum
714 1459 843 1546 nigilms
853 1457 952 1545 sperat
964 1470 1018 1544 per
1033 1456 1165 1545 sumtum
1190 1459 1282 1522 temit
1301 1460 1334 1524 id
1351 1461 1453 1549 ipsun,
1547 1445 1549 1450 ’

485 1635 506 1670 „
528 1584 636 1654 Locus
659 1609 677 1655 a
705 1587 891 1654 Boxhornio
913 1586 1057 1673 inprimis
1081 1598 1236 1662 vexatur,
1267 1584 1322 1669 qui
1347 1586 1380 1653 in
1402 1586 1457 1657 suo
1477 1581 1560 1664 MS.

482 1691 505 1753 ς,
526 1671 605 1737 dicit
621 1667 756 1738 extitill'e
772 1673 896 1759 vigilat,
917 1671 1002 1736 unde
1020 1681 1110 1756 putat
1128 1665 1299 1753 legendum
1317 1666 1402 1736 effe:
1417 1674 1498 1741 Dum
1511 1683 1562 1745 vi.

483 1777 505 1838 ·„
523 1757 599 1840 gilas
609 1800 620 1833 ,
634 1755 746 1852 spedus
761 1771 811 1841 per
819 1755 950 1841 fustinum
960 1754 988 1837 s
1042 1772 1073 1817 er
1092 1749 1244 1846 idipsum.
1268 1751 1332 1819 Sed
1348 1765 1384 1818 ut
1401 1754 1442 1823 de
1459 1777 1561 1832 muta.

482 1865 503 1918 b
526 1838 614 1904 tione
630 1840 709 1906 nihil
730 1841 853 1913 dicam,
877 1854 957 1919 quae
976 1852 1011 1899 to
1024 1832 1152 1928 erabtbs
1179 1832 1273 1912 edet,
1299 1834 1429 1903 listmul
1447 1856 1560 1912 neces-

479 1963 502 2003 „
524 1919 626 1997 saria,
660 1926 781 2007 ingrata
807 1926 977 2001 κακοφωνία
1002 1916 1035 1981 in
1055 1934 1168 1980 vicinis
1197 1918 1304 1983 verbis
1330 1921 1365 1983 vi
1390 1922 1585 2009 'atsptaat‘

480 2045 501 2086 „
524 2004 689 2092 displicet3
713 2003 859 2087 displicet
876 1998 993 2084 expelli
1013 1995 1150 2093 derbum
1168 2002 1277 2081 cernit,
1300 1999 1349 2068 Au
1382 2004 1430 2070 ori
1448 2010 1562 2077 crebro

480 2133 500 2169 „
523 2087 727 2174 usurpatum
762 2082 909 2170 displicet
934 2080 1084 2177 amblgua
1111 2082 1288 2180 verbptutn
1313 2085 1456 2171 pontin,
1484 2092 1562 2163 dum

479 2216 501 2250 „
524 2176 624 2237 verba
639 2192 701 2234 cum
721 2170 830 2252 vigilat
846 2165 888 2234 iic
907 2186 944 2233 ae
969 2184 1029 2245 ue,
1052 2184 1119 2231 uno
1135 2163 1259 2233 factltus
1279 2188 1312 2236 in
1329 2170 1448 2238 eodem
1466 2176 1559 2254 verlb

757 2186 1248 2402 aulai
1266 2270 1561 2422 „etet

478 2356 692 2498 xennit’illi
703 2421 787 2501 sum,
823 2438 854 2485 1c
875 2414 947 2488 Lib.
966 2415 992 2503 l.
1012 2412 1095 2481 Dist2
1116 2414 1228 2484 XXII.
1284 2420 1339 2513 ‘uu
1360 2421 1503 2507 idipsum
1524 2429 1590 2497 in,

478 2546 500 2581 „
522 2499 655 2569 clausula
676 2433 766 2568 «lixit.
792 2498 945 2571 Ceterum
960 2501 1058 2597 etiam
1081 2498 1220 2598 Erasini·
1261 2500 1346 2600 ditio·
1361 2503 1459 2571 habet
1479 2512 1564 2595 nigl-

477 2630 498 2665 „
523 2584 714 2670 inspuunt,-
737 2603 773 2652 ut
797 2603 971 2672 appareat,
994 2604 1027 2651 1n
1036 2585 1159 2678 ¹vicinis
1188 2585 1237 2651 h1s
1254 2587 1363 2653 verbu
1392 2590 1556 2661 mtbatutn

476 2714 497 2750 ‚,
519 2665 592 2733 elle.
626 2670 690 2734 Sed
716 2686 794 2737 nota
840 2689 908 2765 'rto
931 2665 1193 2763 initiabquoque
1219 2687 1304 2735 voce
1324 2670 1465 2768 turbati2
1484 2678 1558 2770 qui-

473 2796 495 2832 „
516 2751 765 2903 gusfiatnssum,
829 2754 864 2819 ’is
886 2757 966 2823 Dum
986 2750 1222 2821 exhibentibus.
1252 2749 1401 2825 Emenda
1420 2774 1557 2828 minuma

473 2878 495 2918 ,‚
585 2856 636 2922 egi
652 2855 716 2905 nna
739 2856 833 2905 cura:

553 3015 574 3053 „
596 2967 710 3033 Somnia
728 2988 763 3035 ne
784 2973 883 3037 cures}
902 2987 968 3035 num
990 2984 1067 3033 mens
1087 2966 1212 3034 bunun
1230 2969 1307 3054 quod
1326 2982 1421 3057 optat,
1511 3022 1515 3035 .

552 3116 573 3153 „
594 3067 657 3136 Aut
681 3072 809 3158 uigilans
820 3072 939 3155 sperat,
955 3083 1009 3154 pet
1021 3067 1153 3155 primum
1171 3074 1260 3136 ctmit
1280 3069 1313 3136 id
1333 3072 1434 3159 ipstnn.

471 3212 492 3276 3,
513 3189 569 3257 Nil
594 3194 722 3259 mollius
740 3194 800 3258 hac
819 3191 1005 3270 Medicina,
1025 3191 1104 3258 nihil
1125 3191 1236 3274 justius
1254 3194 1299 3261 ob
1317 3194 1422 3263 literas
1444 3199 1549 3267 initia·

471 3321 492 3356 „
514 3275 559 3337 les
583 3291 632 3338 tot
654 3277 779 3341 vicibus
802 3276 976 3351 obnoxias,
999 3276 1079 3341 nihil
1097 3276 1194 3343 etiam
1218 3276 1285 3359 jani
1314 3279 1323 3342 l
1348 3276 1382 3346 so
1400 3280 1551 3350 Disticho

471 3404 492 3441 „
514 3353 637 3422 facilius
666 3378 703 3423 ac
722 3357 887 3422 rotundius
912 3359 1016 3442 optari
1037 3357 1162 3441 potest3
1187 3378 1223 3426 ut
1245 3362 1292 3427 de
1311 3298 1398 3430 lgnsu
1421 3381 1550 3437 taceant

512 3438 617 3515 rullo,
641 3441 744 3523 quiin
767 3440 896 3522 vulgata
913 3438 1051 3504 lectione
1070 3458 1180 3507 revera
1195 3442 1290 3511 falsus
1311 3463 1379 3512 etat
1391 3450 1422 3513 ’'.
1457 3459 1551 3517 Haec

468 3487 557 3588 lensu
579 3521 645 3589 Viri
668 3521 855 3588 Doetiffimi.
880 3533 900 3604 ᾖ
922 3522 1038 3619 Neque
1055 3521 1143 3585 enim
1164 3542 1274 3609 optare
1291 3528 1322 3593 &
1339 3530 1462 3617 sperare
1479 3533 1552 3601 sunt

468 3655 488 3690 „
510 3625 560 3672 res
583 3604 668 3672 attus
691 3606 802 3683 unius,
835 3621 888 3672 aut
912 3607 1049 3671 hominis
1071 3600 1195 3688 semper
1219 3612 1391 3694 eusdem,
1422 3634 1458 3684 ut
1482 3618 1550 3684 dici

468 3742 488 3776 „
510 3691 572 3756 rite
590 3689 704 3775 point,
729 3691 816 3838 {md
834 3706 926 3775 optat
943 3690 1020 3755 dum
1041 3686 1146 3772 sperat
1158 3690 1187 3753 ’'.
1210 3774 1217 3785 ·
1245 3712 1296 3759 era
1313 3697 1414 3778 haec,
1436 3720 1548 3785 neque

468 3776 567 3839 etiam
586 3773 718 3859 vigilare
784 3772 938 3841 somniare
956 3793 1005 3839 res
1023 3770 1094 3838 sunt
1134 3769 1344 3845 raeciseastus
1360 3786 1548 3851 uniuse'us.

466 3858 631 3941 demque,
665 3857 718 3924 sed
746 3874 873 3934 tumen,
905 3855 1084 3943 generalius
1110 3791 1294 3941 lbquenuo,
1316 3860 1371 3931 sub
1398 3806 1548 3949 ejusdem

466 3942 623 4028 temporis
645 3944 802 4010 rationem
825 3958 899 4028 apte
923 3958 1029 4009 utrum
1053 3958 1093 4005 ue
1120 3943 1433 4027 comptehenditnus.
1475 3949 1547 4017 Eo·

465 4025 542 4093 dem
568 4043 732 4111 tempore,
756 4027 842 4110 quod
866 4027 935 4110 quis
953 4046 1010 4112 per
1024 3961 1116 4121 ‘diem
1143 4039 1241 4110 optat,
1352 4047 1393 4096 ue
1419 4034 1484 4097 u''
1529 4079 1548 4117 ‚

457 4110 557 4196 sperat
573 4110 636 4190 (ita
657 4113 744 4175 enim
761 4111 793 4176 in
816 4109 948 4193 vulgato
968 4111 1105 4193 legitur3
1129 4115 1195 4176 n'on
1222 4130 1321 4179 vero:
1345 4113 1415 4180 dum
1440 4132 1545 4199 perat,

466 4196 560 4282 optat)
580 4193 613 4259 id
633 4194 730 4259 etiam
748 4190 842 4259 facile
866 4192 962 4258 notin
981 4192 1137 4270 somniat,
1163 4208 1216 4262 aut
1232 4214 1291 4291 per
1320 4198 1462 4281 quietem
1480 4222 1542 4268 ter·

467 4280 522 4343 nit.
549 4275 661 4364 Itaque
671 4277 785 4361 fulsum
803 4275 936 4341 omnino
949 4275 1064 4364 sensum
1095 4296 1159 4361 ego
1186 4280 1338 4361 quidem,
1364 4287 1396 4349 in
1420 4283 1548 4371 nugata
1641 4341 1646 4351 .

466 4356 1545 4444 QMmmmmffiffiqm

465 4489 488 4532 ι,
510 4444 611 4517 multa
625 4457 798 4533 optantur,
823 4459 905 4534 quae
921 4379 1028 4516 nonf
1066 4448 1438 4597 {mtuhautspmlpo
1463 4452 1542 4602 unz!
1574 4497 1580 4508 ι

1459 4586 1479 4626 „
1532 4552 1546 4604 t
