4500 5834
730 773 806 860 320
954 746 1274 827 ursroum
1315 750 1585 836 caturca
1632 813 1635 820 .

640 893 645 903 .
740 888 1774 925 ...Μ-...Ἣ

727 1003 803 1066 ma‘o
821 994 1044 1080 aucupem
1065 1009 1146 1055 mune
1168 988 1316 1072 deserum
1346 1009 1402 1058 au
1430 1010 1611 1062 urrunr
1640 1011 1791 1068 rrnnr,

724 1098 781 1148 un
802 1091 1058 1147 uonrnrrnu
1078 1090 1252 1140 auratus
1276 1093 1521 1157 ternanos,
1544 1097 1657 1160 ouon
1681 1096 1794 1143 νιοιι

714 1173 1471 1234 'nausvrnnar'r,nounr1rusv1nuua
1488 1161 1796 1247 vrnurrunm)

723 1247 813 1314 Haec
829 1240 966 1389 &glum
982 1237 1043 1305 alia
1052 1283 1064 1317 ,
1086 1258 1187 1324 eaque
1207 1258 1359 1325 perquam
1377 1244 1527 1328 egregia,
1550 1246 1581 1311 in
1602 1243 1795 1330 disputando

722 1326 849 1396 adducit
897 1324 1004 1401 icero,
1026 1341 1171 1409 quaeque
1189 1322 1219 1388 Gr
1239 1324 1344 1390 nostra
1369 1345 1410 1393 eo
1428 1326 1496 1393 sunt
1516 1329 1614 1413 magis
1631 1328 1795 1392 adtentio-

720 1429 762 1476 ne
787 1409 898 1505 digna,
922 1425 987 1503 quo
1010 1407 1112 1491 magis
1138 1407 1230 1473 nobis
1252 1407 1376 1476 constat
1404 1409 1613 1488 Christianis,
1647 1430 1683 1475 ca
1705 1411 1794 1495 ipsa,

718 1511 800 1577 quae
820 1511 853 1558 rn
870 1486 1229 1557 sacrucommemorata
1244 1507 1414 1557 occurrunt
1454 1495 1574 1577 aginis,
1590 1514 1665 1560 vere
1682 1494 1794 1560 diviua

718 1589 949 1641 lusourara
970 1591 1144 1659 numquam
1159 1570 1270 1652 firiffe,
1294 1593 1400 1660 neque
1442 1597 1461 1641 c
1502 1598 1676 1661 uacumque
1691 1597 1725 1644 re
1745 1578 1792 1642 le·

718 1659 773 1736 vi,
798 1675 902 1742 neque
928 1656 1017 1722 omni
1044 1671 1111 1722 tem
1157 1676 1212 1735 re,
1235 1676 1339 1742 neque
1358 1656 1423 1723 srne
1441 1597 1619 1726 diiqcriminc
1641 1663 1792 1728 omnibus

718 1742 812 1820 data,
837 1759 941 1828 neque
964 1739 1092 1806 caruisse
1123 1758 1181 1818 ua,
1204 1759 1304 1826 aeque
1321 1739 1471 1807 divinitus
1499 1742 1717 1828 suppeditata,
1741 1746 1790 1811 in-

716 1824 973 1911 terpretatione:
1004 1822 1103 1915 Quod
1130 1838 1219 1888 certe
1243 1820 1437 1908 postremum
1463 1825 1507 1891 ita
1524 1847 1635 1893 vcmm
1661 1828 1729 1905 cst,
1755 1843 1795 1895 ut

717 1908 940 1995 interpretatio
957 1904 1011 1971 illa
1036 1903 1104 1993 ipso
1123 1921 1243 1971 eventu
1264 1908 1489 2000 comprobata,
1511 1929 1575 1976 non
1595 1911 1726 1995 quidcm
1749 1931 1795 1978 eo

717 1988 802 2071 fine,
827 2010 891 2077 quo
919 1988 1000 2056 fides
1022 1989 1177 2058 habeatur
1198 1986 1389 2066 insomnirs,
1419 1988 1544 2057 sedilia
1571 2009 1628 2079 per
1646 1997 1795 2077 quietem

715 2073 783 2142 visa
800 2089 924 2142 tantum
938 2071 1104 2149 concessa,
1123 2083 1158 2137 ut
1175 2070 1282 2138 locum
1300 2070 1410 2137 darent
1429 2073 1700 2159 interpretationi,
1726 2077 1794 2144 effe

715 2159 896 2226 videantur.
939 2155 1032 2223 Nihil
1056 2156 1153 2241 igitur
1170 2173 1207 2220 ea
1223 2154 1360 2221 statuunt
1387 2155 1418 2222 in
1436 2159 1634 2234 contrarium,
1645 2159 1793 2246 nihilque

716 2240 811 2328 plane
828 2240 975 2308 officiunt
984 2285 996 2318 ‚
999 2258 1085 2389 effi?
1103 2238 1207 2304 minus
1225 2239 1333 2320 omnia
1350 2239 1383 2304 in
1406 2240 1586 2309 universum
1602 2240 1722 2308 somnia
1740 2263 1790 2312 re·

715 2343 787 2394 tum
803 2340 933 2392 naturae
953 2344 971 2389 c
1068 2322 1107 2388 'ci
1128 2337 1261 2407 accepta
1280 2319 1468 2389 referantur.

756 2407 837 2474 Unr
856 2409 952 2494 igitur
976 2421 1043 2473 crat
1064 2403 1293 2483 Boxhomius,
1323 2406 1400 2490 quid
1424 2421 1491 2472 tum
1514 2407 1704 2493 cogitabat,
1735 2425 1789 2478 aut
1798 2431 1816 2490 2

714 2492 792 2578 quid
812 2510 878 2558 non
902 2490 1029 2575 penitus
1058 2489 1177 2555 oblitus
1201 2507 1268 2555 erat
1339 2490 1430 2566 tius,
1462 2488 1557 2575 seque
1585 2493 1593 2557 i
1619 2491 1685 2558 sum
1714 2494 1791 2580 quid

714 2571 920 2659 esset,quum
940 2591 981 2638 ex
1000 2591 1041 2638 co
1061 2569 1274 2638 Christianum
1331 2571 1383 2638 ‘sse
1401 2573 1569 2657 colligeret
1621 2576 1788 2661 ionyfium‚

713 2656 802 2744 quod
819 2658 844 2723 is
857 2655 1051 2722 somniorum
1068 2656 1243 2722 vanitatem
1260 2676 1298 2723 ac
1316 2653 1570 2742 superstitionem
1580 2657 1788 2726 confutasset:

759 2739 800 2808 ast
823 2759 903 2806 vero
921 2754 975 2806 aut
993 2737 1072 2806 nulli
1100 2759 1251 2825 umquam
1277 2741 1337 2807 hac
1363 2738 1521 2822 religione
1548 2744 1650 2809 notati
1670 2743 1788 2811 nostra·

764 2844 815 2902 m,
837 2838 890 2890 aut
918 2843 936 2890 a
962 2823 1057 2890 nobis
1078 2821 1174 2889 alieni
1196 2843 1308 2890 omncs
1330 2823 1360 2891 ci
1385 2824 1485 2889 dediti
1512 2823 1668 2892 fuissent?
1690 2825 1787 2912 Cuius

713 2909 876 2992 utriusque
895 2907 941 2974 rei
962 2908 1154 2975 contrarium
1174 2928 1247 2974 cum
1270 2910 1332 2975 'am
1353 2906 1391 2975 sit
1408 2923 1483 2973 ante
1505 2912 1632 2977 anobis
1654 2911 1787 2979 demon-

715 2995 867 3068 stratum,
890 3010 950 3058 nos
974 3007 1063 3058 certe
1090 2990 1170 3056 nihil
1196 2930 1329 3076 ampiius
1348 3011 1538 3071 movemur,
1562 3013 1667 3080 neque
1688 2997 1789 3080 magis

659 3119 664 3130 ·
715 3079 754 3148 iri
768 3090 949 3163 pennotum
965 3074 1046 3140 haec
1062 3074 1168 3141 nostra
1186 3073 1321 3142 lecturos
1340 3071 1550 3154 confidimus,
1561 3077 1697 3145 hominis
1714 3099 1787 3145 vcr-

616 3219 624 3238 ,
718 3164 788 3241 bic,
809 3177 891 3243 quae
908 3154 1026 3224 scilicet
1050 3156 1108 3224 ista
1124 3155 1281 3225 fuerunt:
1305 3161 1478 3226 Somniorum
1503 3162 1588 3226 etium
1611 3161 1791 3230 vmitos'in·

664 3285 669 3294 ·
717 3245 833 3316 ᾰίιαιια
854 3237 985 3326 Dcflicbo
1006 3241 1151 3312 XXXII.
1169 3242 1292 3330 ejusdem
1308 3244 1375 3309 libri
1395 3241 1531 3329 (nempe
1549 3242 1636 3332 11.):

798 3370 929 3438 Somnia
944 3392 985 3439 ne
1001 3391 1101 3440 cures.
1128 3370 1214 3438 Nam
1234 3391 1323 3439 mens
1341 3371 1476 3439 humana
1493 3372 1580 3456 quod
1599 3387 1713 3459 optat,

803 3465 894 3536 Dum
912 3468 1046 3554 vigilans
1063 3467 1186 3554 sperat,
1212 3488 1270 3555 per
1282 3466 1432 3554 ¹somnum
1451 3472 1553 3537 cernit
1569 3469 1602 3535 id
1622 3468 1736 3557 ipsum.

723 3581 771 3650 &c
792 3586 905 3671 quidem
923 3586 1012 3672 uulgo
1032 3586 1147 3673 legitur.
1179 3584 1262 3653 Mihi
1276 3600 1380 3652 certum
1402 3582 1461 3671 esi,
1478 3583 1592 3672 rescribi
1610 3599 1753 3672 opertere:

804 3715 934 3783 Somnia
951 3737 993 3784 ne
1010 3738 1111 3787 cures.
1135 3715 1220 3785 Nam
1238 3739 1329 3787 mens
1345 3721 1481 3789 humana
1498 3724 1584 3808 quod
1602 3740 1718 3810 optat,

803 3816 894 3885 Dum
911 3821 1037 3907 vigilat,
1053 3817 1164 3905 speciae
1182 3839 1240 3904 per
1256 3818 1401 3886 somnum
1412 3822 1523 3909 smper
1537 3824 1569 3890 id
1587 3821 1702 3910 ipsum.

724 3943 773 4009 Sic
792 3944 943 4010 commus
955 3941 1053 4041 sensus
1073 3946 1133 4009 erui
1148 3940 1257 4092 potest,
1281 3965 1362 4033 quem
1387 3953 1418 4016 t'n
1446 3956 1568 4034 uulgata
1585 3953 1700 4023 leffium
1716 3953 1788 4036 defi·

723 4027 861 4096 domtus.
884 4031 941 4097 Pro
955 4025 1089 4113 vrgrlans
1098 4070 1109 4105 ,
1134 4035 1199 4112 vrgi
1212 4043 1245 4095 at
1259 4030 1342 4097 babet
1357 4034 1428 4100 liber
1444 4033 1533 4124 noster
1555 4040 1634 4110 MS.
1647 4040 1719 4121 Jum
1735 4058 1787 4104 ura

1735 4131 1795 4189 iem

758 4366 795 4437 (a)
814 4374 953 4427 erctum
968 4375 999 4426 de
1012 4374 1167 4427 nivinuu.
1182 4378 1305 4444 captu,
1320 4378 1381 4431 ua
1397 4379 1475 4430 uu.
1491 4379 1517 4431 tc
1530 4381 1623 4431 amu
