4500 5834
524 762 534 781 .
607 696 679 801 4³8
825 681 1442 765 Hrsron1ncn1rrca
1504 629 1512 637 ⁹

608 950 627 987 „
647 902 739 978 fimat.
779 901 916 970 planatis
941 910 1034 963 tanen
1057 892 1146 977 uerfio
1175 898 1206 962 in
1227 894 1364 979 Lipstenfi
1389 892 1672 983 undam-aditione

606 1034 626 1068 „
649 976 758 1069 eistat,
780 991 826 1050 nii
845 985 943 1047 ultimo
954 977 992 1055 βε
1011 980 1183 1060 redduntur,
1201 981 1290 1061 μηδὲν
1308 988 1440 1066 πάσχειν
1458 1000 1549 1064 arpen
1565 996 1597 1039 τι
1620 972 1672 1038 ae-

605 1116 625 1151 „
647 1075 759 1141 ναθαις
775 1068 827 1151 sed
842 1067 913 1127 nibil
932 1064 971 1125 oei
986 1082 1046 1125 rem
1058 1060 1154 1144 sarit,
1184 1068 1338 1131 audatiam
1356 1066 1390 1128 de
1405 1061 1487 1147 ipftret
1506 1060 1671 1145 scutigeri,

605 1200 624 1234 „
650 1154 778 1224 luderi,
810 1147 965 1230 Mplii'&
994 1146 1090 1242 operit
1116 1082 1284 1225 cerdonibus
1310 1147 1444 1233 offirmari
1463 1138 1564 1230 ροτιβ.
1607 1140 1671 1207 Nec

604 1282 624 1319 „
646 1238 744 1296 nitrum
754 1254 767 1306 ,·
790 1250 854 1312 curn
871 1230 944 1293 nibil
956 1224 1075 1312 funeste
1093 1232 1123 1293 in
1140 1243 1194 1293 toto
1202 1232 1268 1317 jam
1286 1230 1429 1311 vetficuio.
1454 1225 1674 1296 attendendae

603 1364 623 1397 „
644 1312 681 1397 ιβ
697 1319 750 1376 oin
767 1332 868 1397 exigno
886 1313 966 1393 apice
983 1322 1090 1375 murato
1107 1316 1265 1397 capitaliter
1283 1319 1338 1381 ito:

679 1497 699 1531 „
722 1445 838 1512 Uxoris
853 1445 1014 1529 linguam,
1037 1444 1061 1513 fi
1077 1445 1162 1533 frugi
1180 1448 1245 1527 est,
1268 1443 1354 1515 ferre
1372 1463 1560 1524 memento;

603 1542 615 1628 ’,
678 1592 698 1631 „
720 1545 869 1630 Namque
886 1545 1005 1613 malum
1023 1544 1069 1611 est
1074 1592 1086 1626 ,
1107 1549 1267 1617 nonvelie
1286 1546 1372 1634 pari,
1385 1565 1445 1611 uec
1462 1544 1551 1632 poiie
1566 1558 1669 1608 carere.

602 1741 622 1778 „
648 1692 694 1759 En
711 1696 763 1755 lux
781 1686 939 1776 nranifesia.
964 1698 1041 1770 Fer,
1065 1694 1175 1778 inquit,
1196 1693 1322 1775 linguam
1334 1692 1422 1776 frugi
1440 1692 1475 1763 Ei
1496 1694 1582 1753 bonae
1599 1705 1666 1752 rear·

602 1825 621 1859 „
644 1781 700 1844 ηις
721 1770 988 1855 pensitationem,
1013 1778 1080 1840 talis
1098 1777 1195 1841 uxoris
1221 1772 1362 1853 confilium
1387 1795 1440 1837 non
1458 1775 1534 1837 uelle
1547 1773 1613 1855 poci
1634 1766 1667 1840 8

601 1906 621 1941 ,,
643 1862 804 1932 ιιιυιίιιιιι,
829 1858 864 1928 ἐς·
881 1870 1019 1921 tatamen
1044 1877 1138 1923 curere
1162 1877 1214 1921 non
1225 1859 1308 1943 ροβε.
1355 1857 1468 1921 Summa
1476 1862 1555 1938 June
1571 1852 1668 1932 infeli·

600 1991 621 2027 „
642 1946 711 2005 citus
730 1934 787 2024 ιβ,
811 1939 937 2025 indigere
951 1942 1083 2017 monitis,
1105 1940 1141 2012 δ’
1159 1942 1195 2004 iis
1220 1952 1312 2004 tomen
1327 1945 1371 2005 uti
1392 1942 1485 2014 nolit,
1501 1935 1532 2017 β
1563 1936 1670 2000 dentur.

600 2072 620 2107 „
644 2027 724 2118 Quid
742 2028 864 2097 dorios,
890 2024 1004 2091 verius.
1036 2026 1138 2088 certius
1148 2020 1228 2106 fingi
1250 2026 1298 2087 vei
1311 2026 1402 2119 opteri
1415 2016 1563 2106 potefl’''i
1586 2015 1671 2083 Lau·

601 2110 732 2184 damus,
757 2093 792 2170 {rt
812 2108 973 2191 egregiam
989 2105 1176 2183 Parodiarn‚
1200 2102 1264 2180 five
1281 2105 1493 2172 imitationem
1519 2101 1670 2168 Catonia·

598 2210 692 2267 nam,
717 2208 797 2273 quae
816 2208 857 2255 eo
894 2208 999 2276 uoque
1019 2187 1198 2266 venustior,
1222 2186 1450 2285 praestantior,
1473 2183 1669 2252 artificiofior

599 2273 662 2338 ene
678 2272 835 2340 censenda
860 2292 880 2338 e
915 2294 1010 2359 ‚quo
1038 2273 1184 2359 longius,
1210 2271 1322 2338 iisdem
1342 2270 1411 2338 fere
1439 2271 1588 2336 omnibus
1609 2264 1668 2332 Ca·

599 2357 682 2422 tonis
710 2355 810 2422 nostri
832 2357 959 2435 verbis,
980 2358 1096 2443 exigua
1122 2370 1245 2422 tanturn
1270 2356 1356 2440 unici
1375 2356 1607 2430 inmutatione,
1631 2350 1671 2417 ab

599 2438 663 2525 ipsa
685 2440 806 2505 recedit
824 2455 935 2505 mente
955 2438 1140 2505 Catoniana.
1176 2440 1238 2505 Sed
1264 2440 1347 2505 hanc
1375 2438 1470 2525 plane
1489 2438 1584 2504 aliam
1602 2454 1668 2502 ma·

574 2523 750 2605 'xirneque
771 2523 811 2586 ab
827 2522 880 2586 illa
897 2520 987 2587 fuiss'e
1005 2521 1163 2595 diversam
1176 2525 1348 2607 unicuique
1389 2525 1510 2598 atebit,
1544 2524 1575 2587 ui
1589 2522 1669 2584 haec

597 2606 702 2675 notua
721 2605 784 2669 huc
802 2602 899 2689 usque
917 2606 1030 2673 ordine
1049 2622 1145 2691 atque
1163 2607 1292 2671 adtente
1304 2542 1484 2692 peddgerit.
1545 2604 1600 2668 ihil
1612 2605 1674 2671 ita·

597 2708 661 2774 que
678 2687 718 2752 de
735 2683 822 2753 sensu
839 2689 1039 2774 addam‚qui
1060 2689 1151 2776 supra
1170 2690 1253 2756 clare
1272 2689 1341 2754 satis
1361 2706 1454 2774 atque
1475 2688 1613 2755 dilucide
1622 2689 1670 2754 est

598 2770 767 2856 etpofitus.
788 2770 839 2836 Ex
868 2770 1087 2841 Grammatico
1115 2789 1239 2841 tanturn
1265 2774 1537 2858 argumentabor:
1570 2770 1667 2865 Quae

598 2874 707 2924 autern
728 2852 783 2917 ista
802 2870 868 2919 tam
888 2856 1042 2935 violenta,
1054 2874 1183 2944 tamque
1193 2856 1323 2943 prorsus
1338 2876 1402 2924 non
1419 2855 1581 2923 toleranda
1590 2853 1669 2922 effer

599 2937 744 3013 omiffio,
771 2936 836 3001 five
854 2938 974 3024 duplex
992 2941 1055 3005 Elii
1080 2940 1143 3019 fis,
1166 2942 1383 3027 pronominis,
1426 2938 1488 3006 uod
1513 2933 1665 3029 hiesum-

549 3036 554 3048 ‘
598 3040 670 3089 mae
698 3019 887 3086 neceffitatis
918 3022 984 3099 est,
1017 2961 1165 3100 resstivi,
1189 3026 1284 3107 idque
1310 3044 1396 3110 pone
1450 3020 1523 3087 erbe
1547 3018 1664 3084 drversr

599 3101 802 3196 regiminis&
820 3118 988 3190 propterea
1008 3112 1103 3172 etiarn
1124 3107 1156 3173 in
1172 3107 1300 3173 diversrs
1318 3107 1433 3174 caribus
1441 3099 1663 3179 substituendi,

599 3201 711 3271 quarto
729 3188 826 3253 lernel
842 3186 872 3252 &
890 3188 1006 3254 deiude
1026 3190 1134 3255 sexto:

676 3323 814 3486 Ναηιῗῖιι
836 3326 942 3484 molium
959 3320 1019 3410 ιβ,
1044 3342 1098 3392 non
1114 3328 1187 3396 veile
1198 3332 1264 3413 poti
1289 3313 1391 3414 hanc,
1420 3350 1471 3398 nee
1481 3334 1555 3420 ροβε
1573 3353 1667 3401 caere

788 3439 824 3485 ac
839 3439 880 3483 ve
909 3439 956 3486 ea.

503 3613 507 3621 Ι
597 3530 716 3617 Neque
742 3548 849 3598 tamen
875 3536 956 3599 adeo
974 3535 1174 3621 desperatum
1190 3535 1294 3602 suiffet
1312 3539 1379 3619 ejus
1406 3542 1666 3611 inconcinnitatie

597 3616 834 3691 remediurn,in
855 3635 1004 3703 promptu
1025 3618 1130 3705 potius
1148 3621 1297 3687 auxilium
1316 3619 1346 3685 ἁ
1364 3642 1405 3688 ex
1425 3626 1537 3691 eadem
1557 3642 1668 3693 mente

597 3695 732 3768 scribere
749 3698 871 3763 volenti
891 3702 954 3767 hoc
972 3702 1069 3768 effer:

673 3837 810 3924 Namque
826 3838 931 3904 mulum
946 3834 1007 3923 ιβ,
1026 3837 1086 3903 hac
1102 3843 1175 3906 nolle
1191 3847 1257 3918 uti,
1280 3860 1328 3908 nec
1341 3843 1415 3927 ροβε
1433 3860 1542 3913 carere.

512 3996 520 4007 ·
595 3981 668 4051 Nec
687 3984 798 4049 dubito
815 3984 890 4067 quin
906 3981 948 4046 ita
967 3980 1184 4067 scripturus&
1204 3983 1432 4064 cantuset,
1455 4008 1494 4054 ea
1513 3987 1568 4074 ipii
1593 4005 1660 4054 mo·

594 4067 636 4131 do
652 4066 674 4133 fi
692 4065 847 4132 insedisset
864 4063 1026 4130 sententia.
1055 4068 1116 4133 Sed
1135 4072 1285 4154 quoniam
1304 4069 1369 4154 ipse
1392 4088 1597 4137 muccnu
1612 4086 1661 4135 to·

592 4149 651 4213 ties
667 4149 847 4215 inculcabat
868 4165 946 4213 nur
958 4167 1069 4215 naun
1082 4170 1227 4234 uonra3
1256 4173 1336 4235 ergo
1354 4154 1383 4219 ei
1411 4155 1443 4220 in
1460 4156 1561 4221 altero
1582 4172 1658 4217 ver·

590 4228 688 4323 siculo
714 4233 849 4318 opponit
880 4249 1205 4302 nossentcene.
1239 4236 1357 4312 Porro,
1384 4236 1449 4303 fine
1479 4236 1568 4322 ipfius
1587 4233 1659 4301 Viri

478 4329 488 4354 1
590 4308 708 4379 donus.
731 4312 946 4401 expositione,
967 4314 1066 4401 qualis
1095 4336 1160 4386 nou
1191 4321 1259 4405 ejus
1289 4318 1457 4405 posteriori
1486 4316 1608 4415 versui,
1631 4321 1665 4417 iu

1551 4418 1661 4491 priora
