4500 5834
505 683 517 702 ’
587 771 665 856 252
809 744 1128 828 ursaonra
1172 705 1462 834 carrica·¹

625 991 793 1058 Aornrr
812 986 875 1051 hoc
890 981 919 1047 ei
938 978 984 1047 est
1005 980 1114 1061 Dist.,
1147 985 1212 1052 uod
1235 986 1267 1053 iu
1287 984 1444 1074 superiore
1460 988 1563 1068 libro,
1588 1009 1647 1058 nu·

586 1076 706 1142 merol
790 1086 829 1162 ue
845 1066 983 1159 vidimus
1000 1063 1075 1131 XV.
1096 1003 1153 1133 ni}
1170 1069 1256 1153 quod
1275 1069 1319 1137 ibi
1344 1087 1456 1137 mutuo
1474 1070 1528 1139 sibi
1541 1065 1647 1139 'erant

586 1156 731 1245 opposita
786 1168 823 1214 ns
846 1167 865 1215 a
891 1148 987 1243 nolus
1007 1146 1198 1229 benefacta,
1223 1154 1317 1221 nobis
1341 1155 1381 1222 ab
1397 1153 1484 1221 aliis:
1508 1175 1646 1240 quorum

583 1242 698 1308 intuitu
715 1232 768 1301 vel
783 1231 889 1318 ampla
904 1228 976 1296 sans
994 1228 1027 1297 ὰ
1043 1251 1117 1299 curn
1144 1234 1237 1301 laude
1255 1238 1517 1304 commemoratio
1542 1239 1647 1322 injun-

607 1325 745 1394 ebatur,
777 1314 833 1380 vel
864 1330 1143 1395 arianarum
1172 1317 1227 1383 hle
1255 1320 1419 1398 omniun,
1446 1340 1482 1386 ac
1506 1320 1569 1386 fine
1596 1340 1647 1387 rc-

580 1344 762 1477 ftritiione,
792 1413 1042 1464 catenarum
1064 1399 1245 1485 imperatur.
1279 1402 1380 1487 quue
1407 1418 1460 1470 aut
1484 1402 1579 1470 nostri
1596 1424 1647 1470 re·

579 1484 708 1573 spectu,
729 1495 783 1548 aut
804 1499 935 1558 eorum,
958 1496 1038 1564 quae
1058 1501 1082 1559 a
1098 1483 1190 1549 nobis
1214 1501 1366 1569 gemntur
1391 1485 1539 1572 gestaque
1557 1484 1647 1566 sunt3

485 1634 488 1642 ,
580 1569 663 1637 adde
685 1568 801 1632 etiam:
826 1561 1016 1631 nostrorum.
1050 1563 1084 1632 N
1128 1586 1167 1631 ue
1185 1568 1291 1645 enim,
1315 1566 1527 1654 fiprudenter
1541 1570 1582 1635 de
1597 1588 1647 1637 re-

578 1656 639 1723 bus
667 1646 830 1717 tacuillent
856 1645 937 1725 suis,
970 1646 1024 1714 vel
1048 1646 1098 1715 Co
1122 1648 1224 1716 atinus
1248 1652 1431 1738 quondam,
1455 1650 1645 1727 Lucretiam

621 1730 781 1808 rdidiffet‚
801 1728 856 1796 vel
873 1729 977 1796 multo
994 1745 1068 1797 ante
1086 1747 1253 1818 tempore,
1275 1754 1350 1801 cum
1368 1735 1505 1817 conjuge
1525 1738 1646 1822 paritet

519 1821 522 1826 '
619 1836 721 1903 regno
730 1859 741 1892 ,
751 1813 863 1889 vitam,
872 1809 1052 1908 Candaules
1066 1822 1094 1880 *.
1106 1812 1150 1880 Et
1163 1812 1261 1894 nihil,
1272 1814 1440 1902 profesto,
1452 1836 1552 1901 aeque
1568 1820 1648 1886 odio

576 1889 820 1971 obnoxium‘est
840 1894 994 1974 altorum,
1017 1914 1114 1981 quam
1132 1896 1213 1963 haec
1230 1900 1328 1966 verba
1367 1898 1598 1970 Thrasouicum
1614 1903 1650 1970 in

577 1986 711 2056 modurn
729 1978 852 2131 qrolata
872 1998 881 2041 ε
905 1996 992 2045 noo
1014 1996 1120 2045 mr.
1144 1977 1291 2073 Quorum
1307 1944 1482 2065 effugiendi
1501 2005 1579 2068 crgo
1598 1987 1647 2052 iu-

576 2071 696 2140 vidiam
750 2063 845 2131 atinls
866 2060 974 2129 tertius
994 2062 1128 2129 dicimus
1145 2061 1366 2131 &modestius
1382 2064 1506 2134 aur'ibus
1526 2089 1534 2131 :
1558 2085 1651 2134 rear

575 2172 675 2232 nos,
698 2111 730 2217 le
751 2146 884 2233 quisque
901 2146 1066 2230 jungendo
1084 2146 1163 2212 aliis.

615 2236 800 2302 Ronsunr
820 2248 901 2297 vero
924 2229 987 2295 hoc
1012 2230 1111 2297 breve
1139 2249 1267 2299 carmen
1291 2232 1333 2299 ad
1349 2247 1493 2301 mentem
1511 2232 1650 2320 Epicteti

573 2317 759 2405 Philosophi
770 2360 781 2394 ‚
791 2313 835 2381 ita
875 2327 1004 2380 uantum
1023 2313 1065 2380 ad
1079 2314 1219 2400 priorem
1228 2312 1401 2384 sententiae
1418 2332 1539 2403 partem
1552 2363 1561 2394 ,
1573 2337 1649 2385 con·

575 2419 708 2490 ceptum
725 2397 772 2467 est
788 2397 820 2463 &
838 2417 856 2463 e
885 2412 1062 2493 ormamm,
1079 2411 1115 2463 ut
1133 2397 1220 2466 idem
1237 2397 1331 2549 Elane
1343 2444 1352 2474 ,
1365 2419 1425 2465 nec
1444 2401 1579 2480 alterum
1597 2416 1649 2468 aut

576 2486 737 2556 diversum
763 2482 803 2547 ab
827 2498 869 2546 eo
888 2479 1057 2558 videatur,
1081 2480 1169 2566 quod
1187 2481 1220 2547 in
1266 2482 1424 2548 nchiridio
1441 2500 1648 2569 praeceptum

576 2569 692 2657 Capite
713 2558 1096 2658 continemrLIll.&hic
1105 2566 1328 2631 tantummodo
1338 2568 1476 2632 numeris
1485 2567 1531 2633 est
1541 2566 1646 2634 adstri-

576 2654 673 2721 filum„
696 2648 744 2715 lbi
761 2665 847 2715 emm
866 2643 908 2711 fic
925 2647 968 2713 ait
987 2645 1108 2713 senex:
1132 2653 1174 2714 'Er
1195 2662 1257 2719 ταῖς
1276 2654 1398 2727 ὁμιλίαις
1419 2650 1520 2720 &niro
1538 2653 1570 2716 τὸ
1588 2652 1650 2718 ru&

574 2739 630 2807 τῶν
659 2733 760 2804 ἑαυτοῦ
790 2727 913 2819 {pyotii
940 2729 1068 2797 κινδύνων
1094 2734 1141 2797 ἰπὶ
1162 2735 1243 2799 molto
1266 2738 1314 2797 ital
1337 2733 1411 2812 ἀμέτ
1425 2758 1461 2805 ως
1489 2736 1650 2816 μεμνῆσθαι.

576 2826 626 2891 οὺ
647 2825 720 2911 γὰρ,
737 2821 775 2888 ὠς
799 2821 842 2883 ool
862 2812 916 2889 lilrl
936 2819 978 2887 ἑςν
998 2816 1056 2882 τῶν
1075 2818 1133 2882 σῶν
1152 2813 1281 2882 κινδύνων
1304 2817 1397 2897 μεμνῆ
1430 2842 1477 2891 αν,
1506 2824 1578 2884 οὕτω
1599 2821 1650 2886 ital

576 2920 633 2980 τοῖς
656 2910 756 2972 ἄλλοις
777 2898 831 2975 r'rlrl
851 2902 894 2969 ἑςν
914 2903 946 2965 τὸ
965 2899 1022 2966 τῶν
1044 2921 1086 2963 σοι
1108 2905 1337 2981 συμξεξηκότων
1360 2900 1473 2967 ἀκούειν.
1494 2902 1536 2968 Η.
1561 2920 1589 2966 e.
1611 2903 1650 2968 Iu

571 2991 770 3077 fertilioribus
786 2979 968 3070 congreffibus
986 2981 1078 3062 obstr,
1098 2996 1131 3047 ot
1148 2985 1252 3049 deruis
1270 2999 1320 3048 our
1336 2989 1478 3070 operibus,
1499 2998 1548 3050 out
1562 2987 1647 3068 peri-

576 3076 647 3143 culir
665 3074 784 3139 rrr‘rnr'm
798 3079 882 3153 atque
896 3066 1039 3131 imnudr'ce
1055 3068 1221 3133 menineris.
1266 3068 1335 3133 Non
1356 3071 1445 3147 enim,
1467 3069 1648 3153 ammodum,

577 3159 647 3226 darn
661 3157 714 3222 tili
731 3154 766 3219 de
783 3155 839 3217 tais
872 3150 983 3215 enodis
1000 3149 1115 3213 menrirri
1136 3166 1172 3227 e,
1192 3153 1237 3215 ito
1256 3149 1293 3223 δ’
1311 3152 1394 3229 aliis,
1417 3170 1488 3235 quoe
1505 3154 1558 3217 tibi
1574 3154 1650 3222 acci·

512 3271 515 3276 ·
577 3237 800 3317 atrianorum
817 3160 1034 3317 furandum.
1055 3229 1095 3295 Se
1129 3229 1183 3308 ,ἃ
1200 3233 1276 3299 dum
1318 3233 1434 3299 ericula
1454 3235 1650 3319 tangit,non

577 3322 711 3392 obscure
740 3317 816 3383 illud
840 3254 925 3382 ilem
957 3314 1076 3390 innuit,
1109 3314 1197 3398 quod
1224 3314 1255 3381 ἀ
1282 3251 1365 3382 ἄπο
1399 3316 1523 3395 noster,
1557 3338 1646 3403 prae·

578 3406 660 3475 stare
678 3406 712 3471 in
731 3397 910 3468 universum
928 3399 968 3463 de
995 3400 1089 3465 rebus
1113 3395 1224 3464 nostris
1244 3398 1298 3463 vel
1315 3397 1539 3466 severiffimum
1560 3401 1650 3466 filen·

578 3492 683 3567 tium,
704 3484 793 3552 omni
812 3481 877 3548 live
901 3480 933 3545 in
951 3482 1091 3559 bonam,
1115 3478 1182 3547 live
1199 3486 1231 3548 in
1255 3483 1370 3548 malam
1389 3500 1533 3568 partem,
1554 3485 1594 3548 de
1611 3486 1648 3552 iir

577 3568 768 3642 instituenda
786 3565 1104 3637 commemoratione.
1129 3561 1262 3631 Nam&
1291 3567 1322 3631 in
1342 3566 1422 3643 illis,
1445 3568 1497 3652 qui
1516 3567 1547 3632 se
1564 3568 1648 3635 vitu·

578 3674 690 3757 perare
708 3651 875 3726 videntur,
886 3646 987 3714 inanis
1006 3665 1113 3715 tamen
1135 3649 1254 3731 gloriae
1271 3646 1506 3715 affectationem
1523 3653 1648 3736 optime

578 3760 646 3827 ram
671 3734 787 3807 retexit
806 3731 984 3802 aramus:
1017 3732 1091 3801 Nec
1117 3746 1203 3813 erat,
1227 3751 1282 3800 cur
1300 3734 1332 3801 iu
1350 3752 1391 3799 eo
1413 3734 1508 3821 aliqui
1526 3735 1648 3818 ingenii

607 4093 624 4124 ⁸
641 4099 679 4144 De
691 4112 743 4163 quo
759 4100 792 4150 ita
810 4097 934 4170 Iustinus,
954 4099 1010 4149 aiu
1021 4104 1041 4170 l·
1062 4101 1122 4163 Cap.
1133 4103 1189 4150 Vll.
1210 4098 1253 4150 sub
1270 4101 1369 4153 finem:
1397 4103 1439 4148 Hic
1456 4113 1557 4149 uxoren.
1576 4114 1647 4159 qnam

574 4163 662 4220 propter
674 4158 757 4216 formae
769 4163 939 4233 pulcritudinem
957 4162 1083 4227 deperibat,
1097 4164 1222 4226 praedicare
1238 4170 1332 4236 omnibus
1347 4166 1435 4235 solelar.
1446 4160 1556 4229 -j-Ad
1566 4161 1648 4221 pstre-

578 4230 685 4326 nut
698 4221 1082 4335 ‘aratra-talnisi
1088 4224 1514 4351 munerantur
1525 4224 1648 4345 zat

579 4338 650 4384 caeder
668 4340 772 4408 saiwi
789 4348 915 4409 amiam
937 4346 1058 4410 prum
1070 4344 1138 4405 fur,
1156 4352 1185 4398 θ
1201 4364 1256 4397 eurr
1279 4352 1359 4400 moriri
1378 4348 1485 4415 snguine
1536 4355 1589 4397 aua
1608 4358 1646 4392 re,

574 4411 645 4461 gnum
663 4414 710 4450 am
725 4403 788 4463 &fr
797 4409 882 4472 pariter
898 4406 992 4458 abiret·
1008 4406 1106 4461 rudr‘h·
