4500 5834
718 747 795 835 ’μα
930 729 1237 818 meronie
1273 664 1548 808 enrrrcn

719 936 803 1008 Dei
827 931 861 1001 so
878 933 1050 1023 proverbio
1067 946 1173 995 autem
1194 929 1248 1013 qui
1292 930 1360 996 iura
1375 932 1466 997 volet
1493 950 1535 995 ex
1554 930 1708 1014 antiquis
1724 934 1805 1002 Scri.

720 955 869 1118 ptorssrus
896 1035 962 1092 tum
989 1012 1142 1097 Graccis,
1170 1028 1239 1076 turn
1316 1013 1416 1098 nnis,
1448 1016 1602 1096 inunum
1623 1018 1802 1112 congesta,

921 1227 931 1256 ³
1253 1224 1264 1257 2

719 1292 772 1339 an,
833 1259 1100 1329 CCCCXCVIII.
1123 1251 1266 1328 Guidoni
1296 1253 1378 1329 Ubai
1402 1284 1423 1329 ο
1451 1263 1564 1329 Urbini
1598 1262 1692 1332 Duci
1720 1269 1803 1337 dica.

716 1373 806 1428 tum,
829 1367 915 1416 num.
933 1344 1003 1430 CV,
1022 1341 1081 1426 foi.
1094 1359 1146 1412 22.
1162 1343 1273 1424 verso,
1295 1345 1352 1412 sub
1371 1345 1425 1422 fin.
1441 1346 1472 1410 &
1492 1345 1591 1413 susrus
1601 1349 1716 1417 adhuc
1725 1356 1804 1439 apud

717 1436 896 1506 Euenum,
909 1427 1046 1493 Chiliad.
1059 1427 1085 1493 Ι.
1103 1449 1189 1495 num.
1202 1427 1494 1508 CCCCXXXVH.
1513 1429 1575 1496 Ed.
1589 1430 1667 1500 Ald.
1680 1432 1742 1514 sol.
1751 1456 1799 1526 55.

715 1516 786 1585 itid.
806 1512 909 1580 verso,
942 1507 1003 1576 Cui
1031 1513 1207 1596 proverbio
1234 1513 1316 1579 adeo
1344 1529 1450 1580 ortum
1477 1511 1566 1579 suum
1597 1515 1724 1585 debere
1741 1523 1801 1588 hoc

711 1596 800 1668 Dist.
813 1594 885 1663 Cel.
905 1595 1045 1674 creditur
1063 1594 1243 1675 WithoiiO,
1270 1613 1305 1664 ut
1324 1617 1365 1661 ex
1384 1597 1440 1662 illo
1459 1596 1600 1663 alterum
1620 1599 1719 1685 hujus
1735 1624 1800 1688 ver·

716 1679 786 1751 sum
812 1681 858 1747 ita
875 1679 1093 1747 recudendum
1113 1675 1246 1757 statuat,
1268 1679 1354 1765 quod
1372 1700 1437 1746 non
1451 1682 1647 1766 probamus:
1692 1727 1697 1740 ·

850 1778 934 1848 Num
951 1781 1109 1864 quicunque
1116 1776 1229 1863 senex,
1252 1780 1340 1863 pueri
1361 1780 1409 1845 bis
1415 1778 1515 1865 seuseu
1534 1782 1565 1845 in
1583 1781 1634 1846 iiie
1648 1775 1702 1865 est.

759 1874 825 1945 No
838 1894 863 1946 u
888 1890 986 1957 negat
1002 1876 1034 1940 id
1052 1875 1164 1940 aetatis
1182 1876 1297 1942 vitium
1314 1876 1396 1949 Ceto
1418 1874 1543 1954 noster,
1566 1898 1635 1953 pon
1656 1883 1705 1948 ait
1730 1882 1801 1962 hic,

718 1976 755 2030 ut
780 1963 813 2026 iu
843 1959 972 2025 Catone
999 1957 1128 2041 Majore
1145 1957 1289 2023 Cicero:
1322 1960 1409 2025 Mens
1436 1966 1507 2024 enim
1528 1960 1565 2033 ἐξ
1585 1968 1656 2029 ratio
1677 1965 1717 2038 ἐξ
1737 1988 1801 2031 con-

709 2044 812 2127 filium
837 2040 993 2125 infensius
1014 2042 1073 2125 esi:
1097 2061 1243 2124 quamvis
1260 2040 1291 2106 ἂ
1310 2045 1374 2118 hoe
1393 2044 1475 2110 tueri
1492 2040 1593 2109 facile
1614 2046 1727 2132 poffit3
1743 2049 1799 2130 sed

714 2148 788 2194 eam
808 2125 1001 2194 conditionis
1028 2122 1154 2190 nostrae
1173 2126 1416 2204 inbeculitatem
1447 2124 1726 2216 fragilitatemque
1743 2153 1797 2199 na·

716 2227 808 2277 turae
834 2207 936 2276 libere
955 2204 1099 2275 fatetur:
1135 2208 1198 2274 Sed
1216 2207 1301 2274 reete
1328 2226 1424 2294 negat
1451 2208 1540 2288 fieri,
1571 2228 1609 2277 ut
1627 2232 1796 2302 propterea

714 2291 878 2380 despetiui
909 2292 968 2359 sint
1004 2293 1175 2375 juvenibus
1208 2308 1312 2358 aetate
1347 2295 1446 2358 modo
1485 2294 1675 2378 vigentibus
1702 2299 1793 2367 sene&

713 2380 792 2446 Sive
809 2378 895 2443 enim
916 2377 948 2441 hi
967 2375 1137 2460 praeterita
1155 2372 1367 2460 respexerint,
1391 2376 1456 2442 sive
1471 2377 1659 2464 prospicere
1691 2386 1795 2456 velue

714 2463 782 2530 rint
810 2480 829 2524 e
867 2459 1047 2541 longinquo
1075 2458 1247 2541 aliquando
1273 2476 1428 2537 ventura,
1450 2461 1612 2544 utrimque
1640 2470 1793 2534 rationum

715 2542 845 2610 abunde
862 2539 1005 2624 segetem
1029 2542 1230 2619 inuenerint,
1247 2543 1362 2624 quibus
1380 2545 1420 2610 ab
1439 2543 1497 2609 isto
1516 2547 1655 2614 consilio
1674 2549 1794 2618 fortiter

715 2629 947 2694 deterreantur.
980 2621 1088 2717 Quum
1116 2624 1220 2690 adhuc
1247 2625 1303 2710 ipsr
1323 2624 1423 2693 effent
1451 2628 1555 2713 pueri,
1580 2628 1714 2701 senibus
1733 2654 1793 2718 tum

716 2708 750 2775 ἀ
775 2706 890 2774 iisdem
916 2703 1003 2776 sorte
1021 2708 1087 2792 jam
1108 2706 1359 2800 senescentibus,
1379 2730 1458 2797 quos
1473 2709 1609 2779 delirare
1639 2738 1730 2786 nunc
1752 2721 1793 2785 vi.

1647 2800 1649 2804 ’
1684 2802 1793 2902 deant,

769 3347 868 3442 Disce
885 3353 1035 3449 aliquid:
1060 3349 1174 3441 Nam,
1200 3374 1300 3447 quum
1310 3352 1418 3446 fiebito
1433 3354 1584 3432 Fortuna
1601 3367 1745 3464 reeeffit,

770 3448 839 3524 Ars
859 3468 1022 3541 remanet,
1048 3454 1216 3544 uitamque
1233 3452 1369 3527 hominis
1385 3477 1447 3526 uun
1464 3453 1580 3549 deserit
1596 3483 1775 3559 umquam,

717 3594 1798 3699 uuuuneuuuuuueumuuumueueuen

749 3712 845 3758 orer
871 3706 1047 3765 saepenumero
1079 3711 1161 3761 subito
1184 3706 1235 3756 fot·
1307 3718 1490 3763 Norennr
1509 3717 1556 3766 hoc
1574 3716 1796 3783 locosuntverbe

716 3801 778 3839 tune
794 3786 866 3850 eripit
881 3787 1083 3838 bominizveiuti
1101 3790 1232 3840 mccndio,
1273 3806 1337 3855 quae
1363 3799 1430 3845 Nero
1457 3794 1549 3863 semper
1576 3802 1603 3852 in
1622 3820 1665 3854 ore
1690 3809 1798 3862 habutffe

716 3871 802 3931 surto,
824 3872 906 3923 bello,
925 3874 1073 3937 naufragio:
1101 3889 1185 3922 vetum
1203 3890 1239 3921 ars
1280 3877 1370 3927 dicitur
1385 3882 1449 3945 apud
1473 3888 1573 3935 sueton.
1593 3893 1654 3940 Ner.
1672 3900 1737 3961 Cap.
1748 3903 1797 3946 Η..

714 3956 776 4022 eripi
794 3971 846 4004 non
864 3952 948 4018 peresi.
971 3959 1037 4001 Haec
1057 3954 1140 4017 itaque
1156 3957 1237 4003 certis·
1275 3955 1311 4008 Τὸ
1327 3957 1421 4024 mxii„
1444 3948 1525 4020 nint
1536 3966 1603 4036 >⁶²⁶
1618 3971 1714 4043 ‚epm
1723 3987 1755 4030 Η,
1765 3988 1795 4029 Ε.

713 4038 776 4087 fitne
802 4034 917 4101 professio
940 4034 995 4092 est,
1018 4050 1080 4100 quae
1096 4031 1189 4100 semper
1210 4039 1237 4088 &
1276 4053 1399 4113 ⁸Artificem
1416 4063 1626 4118 ementitum,
1647 4074 1795 4133 quue

716 4129 809 4197 ubique
825 4141 849 4176 te
867 4122 940 4191 poffit
957 4123 1028 4172 alere.
1275 4138 1354 4187 illud:
1574 4126 1576 4129 ·

1304 4216 1370 4274 Disce
1386 4222 1447 4268 sunu
1456 4238 1514 4273 artes
1524 4262 1531 4284 ,
1541 4245 1628 4289 new,
1639 4236 1741 4281 neum
1755 4238 1797 4297 ju·

981 4274 1169 4325 Ermum.
1344 4307 1424 4341 uentus.
1483 4304 1515 4347 0.
1532 4309 1795 4368 Aererzrtnrue.

726 4344 1798 4486 &QQAEWBQQQQ
