4500 5834
588 775 663 876 328
717 749 723 759 ’
803 762 1118 843 arsroata
1169 760 1445 844 eutrici

582 1092 819 1178 llspcrumvero
838 1075 1140 1164 hunc&superbum
1148 1125 1161 1175 ,⁹
1172 1082 1309 1167 quisquis
1326 1083 1655 1170 fuerit,Prologornm

583 1165 910 1261 scriptorem‚eadem
930 1182 1048 1249 opera,
1065 1183 1127 1246 qua
1146 1183 1171 1227 rs
1187 1184 1330 1233 avertere
1345 1189 1473 1236 omnem
1490 1193 1508 1236 a
1525 1175 1555 1236 l'e
1576 1191 1656 1240 con·

580 1257 740 1325 tumeliam
770 1251 938 1323 adnititur,
962 1244 1096 1312 letiores
1125 1248 1165 1311 ad
1189 1248 1307 1331 iustum
1325 1250 1367 1317 sui
1386 1271 1582 1320 contemtum
1603 1270 1656 1318 te-

580 1338 709 1408 merarie
728 1334 820 1401 nimis
838 1347 1069 1415 provocantem
1079 1374 1090 1406 ,
1106 1329 1171 1396 line
1190 1333 1385 1403 detrimento
1403 1340 1455 1403 vel
1475 1340 1654 1403 utilillimo·

578 1442 646 1490 rum
663 1423 776 1485 horum
796 1416 990 1491 carminum,
1002 1415 1188 1497 quibusque
1214 1436 1252 1481 ea
1269 1423 1446 1505 praeceptis
1469 1422 1652 1493 abundant,

576 1504 631 1569 vel
649 1522 759 1571 eorum
779 1497 942 1575 elusione,
968 1497 1021 1562 vel
1046 1495 1173 1573 nostra,
1204 1502 1340 1568 omnino
1363 1504 1509 1590 spernere
1525 1527 1562 1571 ac
1578 1504 1655 1585 'reji-

577 1608 652 1653 cere
670 1586 832 1651 audemus.
858 1579 953 1666 Cujus
973 1582 1018 1646 rei
1039 1578 1173 1646 caussam
1189 1583 1254 1663 iam
1269 1584 1651 1668 ponePraetbtionemlI.

578 1669 680 1738 Libro
699 1682 897 1754 praetextam
925 1664 1017 1743 latis,
1041 1664 1159 1741 credo,
1183 1667 1288 1750 ample
1313 1669 1526 1755 exposuimus.
1561 1667 1654 1736 Nihil

576 1754 712 1842 proinde
732 1751 825 1817 nobis
844 1750 897 1815 hie
915 1750 1086 1814 dicendum
1104 1748 1218 1824 restat,
1231 1749 1306 1828 nisi,
1318 1752 1351 1817 id
1370 1753 1434 1818 elle
1455 1756 1654 1829 dolendum,

575 1850 780 1921 arrogantem
800 1836 922 1898 huncce
942 1831 1235 1915 scriptorem‚dum
1245 1832 1275 1897 se
1286 1836 1367 1917 quali
1387 1837 1472 1902 tello
1490 1841 1592 1903 credit
1609 1839 1655 1903 la·

576 1938 646 1987 tere
672 1918 855 1984 tutissimum
884 1917 923 1981 ab
944 1915 1032 1979 omni
1057 1914 1232 1996 ignominia
1256 1914 1416 1997 futurum,
1439 1925 1543 2002 quoad
1572 1920 1655 2006 ipfi,

577 2004 667 2073 socio
689 2017 720 2067 at
744 2021 784 2067 uc
812 2000 931 2065 comite
962 1998 1082 2062 itineris
1101 1997 1250 2062 incedere
1269 1995 1429 2082 splendide
1448 2004 1571 2070 licuerit
1591 2005 1656 2067 Ca-

578 2105 692 2155 tonum
718 2022 846 2167 diquo,
870 2101 910 2153 eo
936 2096 1044 2148 tamen
1063 2080 1164 2173 iplirm
1190 2082 1222 2146 in
1250 2080 1351 2150 eaulla
1375 2083 1485 2163 fuisse,
1505 2105 1542 2152 ut
1563 2105 1657 2169 egre·

575 2174 647 2257 gius
665 2172 717 2236 hic
737 2166 856 2233 Auttor
882 2166 1044 2249 paullatim
1072 2162 1248 2247 lenfimque
1274 2153 1381 2232 multis
1407 2170 1438 2234 in
1455 2185 1656 2234 contemtum
1712 2195 1716 2205 ¹

576 2257 702 2323 abierit.
728 2251 763 2318 In
785 2271 825 2315 eo
843 2248 974 2314 similem
989 2247 1107 2313 homini
1125 2247 1216 2312 alicui
1236 2269 1371 2333 nequam
1383 2273 1419 2317 ac
1437 2254 1551 2319 nullius
1562 2254 1656 2340 plane

577 2338 765 2425 frugis,qui
786 2332 972 2421 gravillimis
991 2330 1040 2407 se,
1053 2350 1110 2414 per
1129 2329 1258 2424 aliquod
1274 2346 1419 2418 tempus,
1433 2334 1572 2403 sodalem
1582 2337 1657 2402 viris

578 2424 744 2497 obtrudit,
768 2436 941 2498 eorumque
968 2416 1180 2507 contubermo
1207 2413 1292 2479 suam
1319 2418 1383 2501 ipse
1401 2422 1527 2503 obtegit
1545 2421 1654 2502 nequi-

578 2510 678 2582 tiam,
691 2507 795 2568 donec
814 2520 850 2564 ea
869 2497 964 2562 semel
983 2499 1178 2581 deprehensa
1196 2514 1290 2581 atque
1308 2505 1416 2583 agnita
1428 2507 1567 2570 etiamm
1587 2505 1656 2568 illo·

577 2610 649 2660 rum
670 2601 811 2650 vertatur
829 2581 1056 2667 opprobrium,
1069 2582 1142 2664 qui,
1158 2583 1250 2646 inriti
1271 2583 1345 2649 licet
1358 2632 1367 2662 ,
1381 2587 1498 2672 ipsique
1517 2589 1656 2673 primum

578 2671 742 2743 fraudibus
762 2665 991 2740 circumventi,
1012 2665 1176 2730 hominem
1199 2666 1389 2749 aliquamdiu
1409 2672 1441 2735 in
1461 2670 1655 2736 consortium

578 2752 771 2825 admiserint.
797 2750 845 2817 lta
863 2768 990 2835 quoque
1008 2750 1067 2813 hae
1078 2747 1210 2821 miserae
1226 2768 1395 2833 rerumque
1413 2755 1537 2838 prorsus
1549 2757 1656 2822 inanes

579 2835 853 2912 Pmcsatmnculae
864 2833 978 2902 insonti
989 2832 1044 2918 ipsi
1055 2831 1274 2900 Distichorum
1286 2834 1416 2902 Autiori
1427 2842 1467 2905 ab
1478 2839 1656 2911 inconsulto

579 2925 731 3007 quidem,
755 2917 807 2985 sed
833 2918 864 2981 in
883 2918 1094 2983 litteratorum
1113 2917 1276 3064 republica
1294 2940 1358 2986 non
1380 2920 1481 2989 inliml
1500 2926 1655 3001 nominis,

579 3006 789 3081 Boxhornio‚
814 3017 878 3066 tam
898 3000 956 3066 diri
986 2999 1141 3064 tristema
1167 3017 1290 3065 traxere
1315 3005 1423 3085 judicii
1445 3007 1656 3073 sustinendam

580 3092 744 3160 immerito
764 3104 871 3153 notam
884 3130 892 3158 ,
905 3104 965 3169 qua
982 3082 1035 3147 ille
1055 3083 1186 3159 melion,
1207 3084 1312 3149 alieno
1328 3106 1441 3154 ornatu
1459 3091 1492 3157 lir
1516 3092 1655 3168 abieno,

578 3191 745 3260 tamquam
774 3168 905 3236 Phaedri
930 3168 1103 3249 graculus,
1137 3167 1302 3233 multtatus
1331 3169 1445 3237 fuillet.
1489 3113 1557 3259 fam
1575 3194 1655 3243 vero

581 3281 683 3336 ecee,
708 3256 782 3339 quid
802 3252 961 3320 recentior
980 3251 1090 3335 aliquis
1109 3250 1314 3316 interGallos
1329 3255 1491 3344 Scriptor,
1513 3279 1573 3324 nec
1590 3256 1656 3345 ipse

581 3343 755 3428 ignobilis,
779 3338 809 3403 dt
833 3335 1024 3401 nobiliorum
1047 3332 1078 3398 se
1098 3335 1237 3402 virorum
1262 3336 1393 3403 minime
1412 3341 1659 3425 rejiciendamm

583 3426 739 3495 collector
755 3424 921 3504 editorque
941 3415 1185 3497 sententiarum,
1206 3421 1246 3484 de
1266 3423 1417 3489 conversa
1434 3427 1560 3511 penitus
1569 3473 1582 3505 ‚
1603 3426 1659 3494 etsi

581 3508 803 3600 praepollere,
830 3500 1039 3596 incatonem
1059 3503 1168 3568 omnia
1187 3503 1246 3569 alia
1264 3509 1658 3595 promeritum2Boxhor.

583 3597 676 3665 niana
694 3595 736 3657 ita
754 3587 907 3675 scripserit
929 3587 1067 3663 invidia,
1091 3582 1261 3670 Vignolius
1288 3608 1404 3677 nempe
1422 3593 1656 3674 Marvillanus,

584 3681 668 3766 apud
688 3695 781 3757 quem
806 3677 883 3738 haec
902 3667 963 3754 ipsa
981 3669 1129 3754 leguntur
1148 3673 1294 3738 vorholt:

630 3764 659 3848 §.
682 3757 828 3827 Disticha
852 3753 991 3819 Catonis.
1035 3756 1084 3816 (ln
1111 3759 1278 3830 aautrelois
1293 3758 1357 3836 plus
1385 3759 1522 3838 corfidiis
1539 3765 1658 3846 teperti

585 3850 681 3924 livre,
706 3846 788 3928 qu‘oo
809 3861 842 3905 ne
855 3839 917 3920 fuit
932 3852 984 3920 pus
1002 3838 1188 3917 aujourd’lrui.
1221 3839 1376 3904 rilutburin
1395 3844 1527 3919 oridia,
1555 3848 1657 3911 celebre

586 3930 797 3995 Grumamirierr
817 3926 855 3989 du
873 3923 981 3987 dernier
997 3918 1141 3994 fidelem
1154 3917 1193 3999 fit
1213 3941 1264 3983 uae
1282 3922 1389 4000 varstan
1400 3926 1562 4015 sinapis„
1576 3930 1656 4013 join.

586 4025 613 4077 ιε
631 4033 669 4077 au
686 4014 778 4094 latin,
801 4008 873 4100 qu‘il
899 4004 1043 4088 udreffad
1065 4003 1172 4067 Robert
1192 4006 1330 4084 Etenna,
1355 4008 1415 4090 asin
1441 4012 1474 4076 de
1490 4014 1653 4095 l'imprimer

583 4223 1658 4285 ffifflfiimmfflfifflmfflffl

615 4342 631 4375 Ψ
646 4341 753 4400 Me'sangrr
771 4339 887 4400 d'Hifluire
905 4345 932 4385 (7
955 4342 980 4386 de
997 4342 1137 4390 Litterarum.
1162 4343 1273 4388 Recueilln
1294 4357 1335 4403 par
1358 4347 1393 4390 M.
1418 4346 1443 4388 de
1469 4348 1660 4398 V¹0usstnfl

585 4409 665 4459 Mae
677 4420 691 4455 ν
702 4421 709 4451 r
721 4418 738 4452 ι,
750 4416 766 4453 u
779 4418 804 4467 a.
823 4404 990 4457 Minodum
1008 4406 1062 4456 elice
1079 4402 1127 4455 iilic
1141 4406 1217 4455 Inani.
1238 4419 1309 4471 ¹700·
1329 4408 1386 4457 Tm.
1396 4410 1416 4455 ι.
1428 4405 1534 4471 pam,
