4500 5834
444 737 450 746 ·
500 732 529 804 4
700 695 1005 777 ursinum
1056 695 1328 777 cutmen

509 838 731 858 Μ·

504 933 589 997 dam,
616 940 658 1001 qui
677 934 804 986 oculorum
829 937 956 987 rheumate
982 938 1018 987 it·
1056 944 1113 1002 Quor
1133 939 1189 984 inter
1202 940 1271 1004 prisci
1294 937 1405 999 sententia
1430 944 1469 989 dis
1486 949 1573 990 (atinus

507 1001 624 1054 horab2t‚
645 999 683 1047 his
698 996 792 1045 verbis:
821 1005 846 1044 In
865 1002 1018 1047 alamanniae
1057 1005 1118 1052 Scire
1135 1003 1187 1071 duo·
1201 1002 1280 1064 magni
1300 1002 1401 1063 fictffct:
1421 1020 1521 1052 utrumne
1534 1007 1570 1064 se-
1670 1009 1674 1017 '

507 1070 535 1111 m
554 1063 641 1125 ‹gregit't
668 1061 755 1107 medicis
781 1061 874 1105 inuenta
899 1065 1018 1110 curatione.
1123 1062 1213 1113 condat,

508 1132 560 1179 vt,
579 1139 647 1185 quum
660 1123 734 1167 dexter
753 1122 821 1166 ocutos
835 1120 954 1194 lacrymam
965 1125 1020 1182 sun.
1059 1127 1104 1171 ,An
1123 1125 1193 1185 magii
1208 1122 1300 1185 adutrfit
1319 1123 1392 1184 staret
1408 1129 1507 1173 Romana
1519 1136 1571 1189 pm

507 1187 582 1236 dotet,
604 1200 658 1228 vena
674 1185 696 1228 ei
714 1182 788 1229 dextri
797 1182 880 1228 brachio
889 1185 1019 1231 meretur:
1122 1192 1199 1247 page?
1241 1189 1244 1195 '

508 1241 955 1367 qq‘3⁵mfifi'¹¹st{,2,dfimumrph}stum}
970 1249 1020 1318 bna·
1060 1242 1149 1293 Scilicet
1173 1247 1272 1309 advtrfis.
1298 1269 1350 1287 -
1376 1271 1422 1295 .-
1448 1270 1500 1289 —-
1525 1264 1573 1292 ιιι

506 1324 554 1354 cto
588 1320 637 1353 etet.
735 1319 802 1365 quum
831 1321 865 1349 ar
882 1324 908 1353 ca
924 1324 931 1349 r
947 1321 969 1354 et
985 1325 1021 1353 nr·

503 1368 582 1429 fiam
594 1400 601 1416 ,
613 1368 667 1426 flens
685 1367 712 1413 ὼ
726 1381 810 1428 genem
829 1366 893 1415 illud
908 1319 1023 1417 pcatom's
1093 1368 1176 1417 Etiam
1193 1370 1362 1420 valentiniani
1376 1376 1441 1433 Imp.
1462 1382 1577 1420 aevoru-

504 1429 677 1492 prepedictione
698 1425 816 1497 corporis
830 1442 909 1491 exigua
926 1429 1024 1477 medico
1062 1428 1160 1479 &orius
1176 1424 1228 1498 cius
1246 1434 1374 1482 adducitur
1390 1434 1416 1479 in
1435 1429 1577 1494 Epinvin·

508 1489 641 1538 committe
656 1487 735 1538 fidclr.
755 1490 798 1548 Ego
815 1501 888 1538 aaron
904 1490 931 1538 d·
945 1491 1025 1556 perito
1060 1491 1154 1540 dicioni
1171 1496 1246 1541 com.
1265 1495 1383 1543 Archiatr.
1404 1492 1499 1557 Quanti
1507 1492 1578 1539 dein·

510 1544 603 1613 restitui.
688 1554 892 1602 Scnrrorrr.
1063 1566 1118 1617 ceps
1143 1567 1244 1617 quoque
1272 1555 1369 1604 habitus
1394 1552 1493 1609 fuerit,
1521 1552 1576 1600 vide

1064 1612 1139 1679 cnsp.
1157 1615 1283 1664 Barthium
1302 1617 1381 1665 virum
1397 1614 1536 1662 maximum
1551 1614 1577 1660 dr

513 1676 622 1724 amicum
642 1672 766 1730 nostrum,
785 1667 907 1721 Adverso.
918 1672 963 1724 lib.
973 1689 1077 1733 xxxiv,
1098 1691 1147 1740 cap.
1169 1691 1208 1725 ru.
1230 1680 1255 1725 O
1266 1690 1297 1725 rr
1310 1692 1344 1725 rr
1356 1692 1401 1726 us.

542 1738 606 1788 vide
632 1738 658 1786 dr
681 1733 815 1783 Barrhitrm.
834 1735 853 1782 l.
872 1748 920 1782 χιι.
939 1734 1100 1787 Adversarior.
1118 1752 1168 1802 erp.
1188 1754 1232 1787 xx.
1251 1738 1299 1787 col.
1318 1741 1578 1799 7091Dnnurus.

543 1800 589 1845 l’ro'
605 1799 652 1846 hoc
669 1796 744 1844 titolo
763 1792 844 1844 codd.
871 1795 974 1860 quidam
990 1796 1132 1861 simplicitet
1156 1800 1316 1871 praemittunt
1342 1799 1438 1848 verbo:
1466 1800 1580 1861 Incipiunt

510 1859 563 1905 ΗΜ
579 1861 662 1905 catonis
680 1856 805 1919 Philiftshf·
815 1856 855 1906 Al.
864 1860 1051 1906 connisum·
1062 1857 1185 1920 senientue
1193 1863 1280 1909 nutriet
1289 1861 1398 1924 iustitiae.
1408 1860 1451 1910 nl.
1460 1872 1575 1912 unrumt

510 1923 594 1970 saterris
612 1918 713 1980 Disticha
728 1918 829 1968 missia.
923 1927 931 1948 ⁹

484 2121 488 2128 .
513 2052 1581 2151 mzomnmeooooctmctmmmmmmtemcetmmm

556 2220 995 2289 Pnrtosonnrcnnum
1017 2219 1123 2301 nulla,
1144 2225 1166 2291 sr
1184 2225 1327 2291 Italicam
1349 2225 1424 2290 inde
1444 2224 1581 2312 excipia-

513 2325 605 2454 ἕξω,
618 2302 794 2394 scholarum
813 2318 845 2370 ta
857 2325 881 2396 e,
895 2306 1023 2390 aliquod
1037 2309 1171 2389 agnovit
1187 2326 1338 2395 umquam
1349 2310 1491 2373 veritatis
1507 2326 1580 2394 pro-

551 2377 688 2465 ssorum,
722 2402 776 2453 aut
801 2388 972 2472 agnoscere
995 2385 1107 2456 saltem
1131 2393 1263 2470 debuit,
1286 2391 1522 2473 magisterium,
1545 2405 1583 2456 nt

538 2473 585 2537 uis
603 2473 680 2556 quid
698 2471 832 2547 dixerit,
856 2473 896 2536 ad
912 2472 1117 2556 probandum
1132 2475 1270 2558 aliquam
1288 2473 1495 2549 sententiam,
1520 2470 1582 2537 sns-

514 2490 626 2622 hciens
645 2551 722 2618 esset
739 2553 886 2619 habitum
904 2569 958 2619 aut
977 2554 1174 2624 aestimatum
1185 2577 1195 2637 3
1207 2556 1261 2624 sed
1270 2556 1347 2640 quid
1361 2557 1488 2641 potius,
1499 2556 1581 2641 quis-

506 2641 584 2725 =quis
602 2638 628 2702 is
646 2634 763 2713 fuerit,
787 2636 841 2722 qui
861 2635 1005 2717 dixillm,
1029 2639 1064 2706 id
1081 2638 1206 2727 semper
1224 2655 1292 2707 erat
1319 2658 1418 2725 opera
1435 2657 1510 2724 prae
1530 2646 1583 2703 cea

515 2722 590 2790 teris
613 2720 791 2804 inquirendi
817 2722 972 2806 primaria.
1021 2719 1115 2820 Quae
1143 2745 1218 2806 eum
1246 2726 1291 2790 ita
1309 2720 1390 2801 lint,
1414 2722 1446 2787 δι
1467 2723 1604 2799 nobiS,·

514 2820 592 2892 quas
611 2804 821 2900 exponimur,
844 2805 981 2871 veritate
1000 2826 1108 2872 earum
1127 2802 1159 2870 δι
1175 2810 1335 2873 concinna
1354 2805 1584 2871 sententiarum

515 2889 675 2973 elegantia
704 2887 895 2965 contentis,
926 2888 1021 2953 unice
1048 2888 1161 2955 securis
1189 2888 1252 2954 elle
1282 2889 1413 2965 liceret,
1438 2891 1506 2972 quis
1530 2888 1586 2955 ille

516 2989 667 3057 umquam
686 2967 784 3035 suerit
803 2971 1010 3049 mortalium,
1035 2971 1244 3052 cuidivinior
1260 2990 1373 3049 mens,
1396 2986 1449 3038 aut
1471 2967 1585 3054 genius

517 3056 628 3140 aliquis
653 3052 822 3200 sapientior
838 3071 878 3120 ea
899 3052 1038 3121 distasset
1057 3054 1154 3133 olim,
1177 3074 1258 3141 quae
1286 3049 1318 3118 ἃ
1347 3073 1407 3119 nos
1435 3074 1501 3119 non
1522 3053 1587 3119 fine

518 3140 676 3208 animi'vo
690 3151 820 3222 uptote,
844 3138 911 3202 imo
938 3138 1035 3203 etiam
1062 3140 1290 3216 admiratione,
1316 3137 1490 3204 hodiedum
1507 3136 1584 3219 legi-

518 3244 589 3290 mus
614 3240 652 3286 nc
676 3217 891 3305 perdiscimus.
939 3220 1014 3287 Sive
1035 3223 1131 3306 igitur
1152 3220 1314 3289 Catonum
1334 3218 1445 3305 aliquis
1467 3218 1584 3305 prisco-

517 3328 610 3381 rum,
633 3302 697 3370 srve
716 3303 945 3387 ignobiliorum-
962 3306 1092 3390 quidam
1109 3326 1147 3372 ac
1167 3306 1382 3373 recentiorum
1400 3304 1565 3369 hominum
1575 3344 1588 3378 ‚

518 3413 558 3459 ea
578 3388 698 3472 scriptis
716 3389 934 3467 mandaverit,
959 3388 991 3453 id
1011 3409 1091 3455 vero
1116 3390 1271 3456 utrumvis
1298 3403 1399 3472 aeque
1415 3406 1527 3473 parum
1548 3384 1590 3450 ad

521 3495 591 3543 rem
613 3470 754 3548 faceret,
779 3471 920 3556 nihilque
962 3472 1053 3552 lane,
1071 3474 1278 3558 quominus,
1302 3490 1384 3556 quae
1401 3490 1478 3536 vera
1498 3467 1589 3545 sunt,

518 3556 620 3626 essent
637 3573 734 3629 vcra,
753 3552 908 3620 officeret.
967 3557 1038 3622 obis
1056 3570 1165 3622 tamen
1183 3575 1281 3639 quum
1300 3574 1366 3620 non
1385 3550 1589 3637 philosopho

520 3662 591 3710 tum
614 3639 742 3720 inagis,
771 3657 865 3722 quam
887 3639 986 3705 nudas
1011 3638 1252 3724 compilantium
1272 3636 1435 3711 historias,
1465 3636 1529 3699 hoc
1557 3634 1592 3698 in

521 3743 639 3811 opere,
662 3721 722 3786 sint
740 3736 845 3805 partes
873 3719 1090 3797 sustinendae,
1115 3722 1242 3801 idjam
1269 3717 1426 3783 incumbit
1444 3715 1498 3781 seu
1519 3736 1588 3781 mu-

522 3807 626 3881 neris,
650 3802 702 3871 seu
721 3804 826 3870 verint
846 3806 972 3868 oneris:
995 3803 1072 3885 quid
1091 3803 1132 3867 de
1151 3799 1218 3895 ipso
1236 3799 1456 3866 Distichorom
1476 3799 1592 3866 horum

522 3888 659 3963 Anilore
677 3888 781 3954 omnis
800 3887 872 3949 aevi
894 3884 1061 3950 statuerint
1079 3884 1214 3962 eruditi,
1239 3882 1418 3948 ostendere.

567 3975 760 4040 Accrnr'r
782 3984 889 4033 autem
907 3968 980 4034 huic
1000 3966 1107 4044 idem,
1129 3965 1264 4053 quod&
1284 3963 1436 4033 Cornelio
1453 3964 1591 4050 Nepoti,

525 4062 637 4142 cuiun,
659 4056 710 4117 vol
735 4050 897 4119 Ciceronis
925 4066 1020 4136 atque
1038 4048 1138 4116 Attici
1155 4050 1316 4136 aequalis,
1341 4050 1382 4115 de
1404 4048 1589 4114 excellenti-

524 4147 584 4213 bus
605 4138 843 4218 imperatoribus
862 4134 952 4213 libri,
975 4151 1033 4228 per
1051 4149 1130 4217 quot
1147 4154 1213 4200 non
1232 4134 1355 4201 saecula
1364 4178 1376 4212 ,
1387 4132 1442 4200 sub
1460 4131 1589 4226 Aemilii

526 4225 621 4296 Probi
643 4220 771 4283 nomine
790 4215 928 4296 adscito,
946 4235 1018 4282 aevi
1037 4216 1167 4284 demum
1176 4216 1391 4286 Theodosiani
1411 4213 1457 4280 scr
1492 4231 1592 4289 tons,

526 4335 584 4404 per
603 4319 711 4372 manus
731 4303 896 4377 hominum
920 4298 1263 4376 circumferebantur?
1294 4300 1444 4390 Namque
1492 4295 1594 4448 mqqrg
