4500 5834
457 835 466 847 .
588 781 660 884 '3³4
822 742 1445 842 rrtsro'nrucnrrrca
1548 874 1550 877 Ι

599 1041 603 1050 ,
710 977 784 1048 Hoc
799 973 977 1059 quicunque
991 965 1084 1034 voles
1102 984 1233 1036 carmen
1250 969 1463 1056 cognoscere,
1490 975 1610 1048 Lector
1619 1009 1633 1059 5

712 1080 774 1147 Tor·
783 1084 954 1159 praecepta
962 1063 1083 1147 ferens,
1105 1085 1187 1153 quae
1204 1067 1275 1137 sunt
1292 1070 1461 1155 gratiffima
1478 1076 1589 1156 vitae,

702 1169 882 1241 Commoda
900 1163 1001 1233 multa
1019 1166 1114 1252 leges:
1135 1166 1181 1235 fin
1201 1184 1309 1236 autem
1326 1168 1479 1256 spreveris
1497 1173 1601 1255 illud,

699 1270 777 1339 Non
793 1288 846 1336 me
863 1264 1073 1353 scriptorem,
1099 1263 1155 1334 sed
1172 1282 1205 1334 te
1225 1268 1403 1354 neglexeris
1420 1268 1494 1357 ipse.

648 1422 695 1470 am
712 1397 809 1486 sensus
832 1396 870 1471 ἃ
891 1415 968 1463 mant
992 1398 1075 1483 plaut
1097 1399 1159 1463 olio
1172 1395 1226 1484 ιβ.
1258 1400 1327 1470 Vox
1346 1402 1525 1471 Commoda
1544 1424 1598 1471 non
1612 1402 1656 1489 ιβ

577 1438 600 1576 2
632 1481 817 1583 uhstmtiuo,
832 1479 886 1582 [et
902 1480 1130 1568 udjtttt'omuo
1142 1482 1228 1567 patto
1246 1486 1326 1586 longq
1337 1483 1485 1643 'massot
1498 1482 1538 1571 ιβ
1552 1494 1653 1591 outo.

576 1622 598 1741 ’,ς
619 1570 747 1728 sess,
764 1566 1255 1749 trumheri-mptum
1270 1573 1379 1751 ’βι
1395 1570 1654 1751 ιιβίβέβζ

577 1789 599 1828 „
614 1735 683 1822 fleri
698 1733 790 1821 poffe,
811 1732 998 1830 utquatdam
1015 1732 1129 1830 stom
1145 1746 1378 1835 momentorum
1396 1750 1581 1833 repertantur.
1606 1742 1654 1805 Sit

577 1871 601 1909 π
618 1822 688 1907 pari
706 1808 837 1899 modessra
862 1835 895 1880 tn
918 1814 1098 1914 Praefatwnt
1120 1814 1205 1882 tun
1231 1814 1293 1915 sss.
1304 1819 1406 1903 scrthit
1427 1820 1576 1885 Invemcs
1595 1824 1653 1887 ali·

577 1954 598 1993 „
619 1901 717 1990 quid3
736 1899 881 1965 concedens
897 1911 1117 1993 nmpt,omrrto
1133 1915 1188 1962 nort
1260 1920 1285 1963 ts
1302 1902 1353 1986 effe
1367 1907 1461 1998 pretii.
1485 1904 1530 1971 Sit
1549 1907 1580 1969 in
1590 1905 1656 1989 fine

576 2038 598 2077 „
620 1990 704 2054 totius
728 1979 867 2069 Opuscuh'
880 1981 1021 2048 brevrtas
1038 1976 1142 2046 sensus
1159 1980 1324 2079 adtrihtur
1343 1986 1386 2049 hu
1406 1989 1449 2052 Di
1475 1990 1563 2064 ictis,
1585 1994 1605 2051 ι’.
1626 2011 1658 2056 ι.

577 2124 598 2161 „
620 2073 740 2138 renuitas
754 2064 912 2152 sapientiae
929 2067 978 2130 ves
995 2062 1157 2146 Διᾶήιιιις
1176 2067 1226 2129 trba
1242 2063 1322 2147 insta
1334 2068 1418 2149 plura
1463 2072 1570 2135 'curua
1612 2073 1656 2137 Et

577 2208 599 2244 „
613 2158 679 2244 jam
699 2154 792 2218 onmia
805 2149 877 2237 sunt
897 2148 989 2213 ιιὲιὶᾱι
1015 2166 1049 2212 ιι
1070 2148 1178 2214 decora
1228 2147 1326 2214 Futile
1345 2145 1414 2213 Tot
1435 2153 1465 2213 ru
1487 2151 1575 2216 Haec
1589 2148 1658 2227 suit

577 2282 598 2328 „
622 2256 701 2303 curru
720 2248 780 2301 rum
800 2236 833 2298 ob
847 2229 1063 2312 fimisirudt'rrem
1085 2232 1199 2295 viduae
1217 2234 1293 2297 vocis
1314 2231 1398 2298 Hoc.
1432 2234 1526 2300 Futile
1544 2254 1580 2301 ex
1603 2241 1679 2301 nh-'

576 2375 599 2413 „
620 2326 751 2389 brentam
763 2319 907 2401 scripturo
921 2318 1003 2380 vobi
1017 2311 1125 2406 ferens
1142 2307 1183 2397 ιβ
1198 2310 1284 2380 feres
1294 2360 1304 2391 ,
1315 2315 1352 2388 Θ
1369 2317 1459 2382 adhuc
1473 2320 1554 2403 pejus
1571 2316 1655 2396 ferat

615 2402 772 2492 procusum.
805 2400 902 2467 Futile
928 2399 1046 2483 dentque
1071 2417 1108 2463 ert
1121 2400 1243 2483 germino
1260 2396 1293 2463 le
1316 2418 1372 2476 es,
1396 2399 1482 2465 leces
1500 2403 1575 2467 illud
1597 2407 1654 2467 ine-

577 2455 599 2493 ”
617 2501 698 2575 ptura
720 2483 807 2580 seret
821 2480 998 2576 sortiturum
1008 2481 1039 2543 ’'.
1062 2478 1105 2545 Et
1124 2498 1207 2577 quaa
1223 2480 1268 2547 ibi
1284 2417 1456 2579 sgequuntur
1474 2484 1595 2570 reliqua
1615 2487 1654 2583 ad

577 2539 817 2639 §ammomcum
845 2562 1039 2648 potrffimum
1057 2560 1237 2649 spestantra.
1282 2562 1379 2649 Cujus
1442 2587 1493 2633 rto
1511 2587 1585 2635 cum
1606 2570 1652 2635 hu

578 2652 637 2722 Vir
657 2646 793 2720 Dottm.
811 2661 974 2733 comparat
991 2644 1117 2714 versum
1135 2646 1176 2714 de
1195 2646 1318 2715 Medic.
1339 2648 1372 2714 X
1424 2651 1449 2717 Ι.
1464 2666 1494 2718 2.

697 2780 737 2846 At
749 2796 797 2841 rur
810 2778 982 2861 pauperibus
996 2789 1145 2862 praecepta
1156 2778 1288 2859 fotmus
1306 2785 1408 2848 amitt.

578 2900 711 2983 semper
727 2890 759 2956 ἃ
775 2891 891 2975 ubique
912 2910 1148 2959 Monnsnrh
1171 2896 1297 2981 placet:
1318 2895 1347 2961 &
1365 2918 1423 2964 nos
1440 2901 1539 2966 etiam
1558 2900 1651 2978 banca

580 2984 660 3049 licet
690 2975 931 3043 commodatam
959 2975 1169 3059 Prologorum
1194 2978 1335 3055 authori,
1359 2982 1523 3049 laudamus
1541 2984 1650 3049 mode·

581 3066 682 3135 stiam.
713 3059 835 3127 Vemm
853 3074 950 3135 tunc,
973 3058 1081 3127 nostro
1110 3060 1239 3145 quidem
1267 3061 1374 3142 sensu,
1409 3087 1474 3132 non
1503 3067 1652 3136 cohaeret

581 3168 655 3219 cum
681 3142 835 3229 reliquis:
867 3140 953 3208 Nam
976 3161 1016 3208 ne
1044 3143 1084 3208 de
1111 3164 1203 3211 novo
1228 3144 1332 3212 statim
1358 3146 1437 3216 suai
1462 3150 1530 3216 sum
1547 3152 1653 3238 prodit

581 3229 787 3323 arrogantia&
803 3160 1012 3322 velutipehe
1037 3224 1157 3323 tectum
1176 3226 1304 3325 leonina
1329 3230 1399 3299 suae
1423 3171 1554 3301 asellum
1575 3235 1654 3302 auri-

581 3316 682 3387 culae.
702 3311 852 3396 Demque
870 3328 938 3392 qurs
956 3328 1086 3397 proprre
1098 3324 1185 3398 gratu
1202 3314 1286 3379 drcat
1303 3319 1470 3395 oirue,ant
1483 3322 1566 3401 grati
1599 3340 1657 3397 mu,

582 3401 692 3471 severa
718 3413 843 3462 morum
856 3394 1048 3489 praecepta?
1071 3394 1204 3481 Semper
1230 3417 1268 3463 ea
1288 3398 1405 3484 aliquid
1424 3401 1539 3485 prima·
1573 3420 1654 3469 onte

582 3486 690 3552 secum
718 3477 828 3547 ferunt
853 3477 1039 3561 mjucundi,
1062 3477 1116 3544 sed
1142 3481 1228 3565 quod
1253 3482 1391 3549 utilitate
1418 3484 1654 3572 compensetur.

581 3568 676 3637 Hanc
703 3564 863 3648 igiturex
892 3561 1002 3626 alienis
1029 3562 1190 3648 promittit
1210 3564 1328 3632 divitiis
1352 3568 1407 3633 ino
1430 3589 1445 3633 s
1464 3589 1570 3636 rerum
1590 3569 1656 3656 ipse

580 3650 736 3732 Prologus
745 3645 925 3729 ,dicitquet
951 3642 1009 3741 C'o
1020 3664 1182 3713 urruonu
1199 3652 1277 3716 uitae
1293 3652 1382 3717 multu
1398 3588 1479 3729 βιιι.
1499 3652 1591 3739 Ergo
1610 3655 1654 3723 rei

579 3730 768 3806 substantia,
791 3747 888 3814 quam
907 3729 1096 3814 pollrcetur,
1117 3733 1249 3797 omnino
1268 3734 1299 3799 in
1315 3735 1534 3803 emolumento
1554 3736 1658 3805 versa-¹

581 3835 652 3897 tur,
676 3814 727 3883 cui
752 3813 797 3879 ita
813 3813 928 3878 acriter
944 3810 1135 3898 fortiterque
1161 3818 1323 3895 inhaeret,
1347 3834 1382 3884 ut
1399 3819 1522 3906 prorsus
1544 3819 1654 3888 dixisse

581 3923 647 3971 non
668 3898 812 3975 dubitet,
836 3895 892 3964 fibi
919 3896 927 3959 i
945 3894 974 3990 'fi
991 3915 1065 3962 eum
1083 3894 1146 3961 effe
1170 3899 1375 3980 nociturum,
1399 3902 1449 3990 qut*
1467 3900 1543 3983 ἰβιιά
1559 3925 1649 3972 com-

581 3985 670 4052 modi
689 3982 855 4081 neglexerit.
879 3915 967 4044 Tafis
987 3981 1308 4074 veropaedagogus,
1333 3987 1449 4066 durus,
1471 3989 1647 4056 incommo-

581 4069 659 4144 dus,
681 4066 820 4152 rigrdus,
842 4078 878 4130 ut
898 4058 983 4128 recte
1002 4059 1099 4128 sentrt
1124 4064 1240 4132 laudat.
1265 4066 1465 4149 Withofius,
1489 4092 1551 4140 non
1582 4087 1651 4139 erat

581 4148 666 4215 Cato
684 4148 810 4226 noster,
828 4163 931 4230 neque
949 4163 1024 4214 eum
1042 4147 1091 4213 his
1110 4151 1252 4218 moribus
1271 4154 1450 4237 praeditum
1469 4154 1652 4242 subagresti·

580 4235 640 4301 bus
657 4228 746 4296 fuisse
757 4279 767 4310 ,
778 4231 898 4314 reliqua
915 4229 982 4325 ejus
993 4229 1210 4301 demonstrant
1228 4238 1347 4303 omnia.
1371 4237 1463 4305 Nihr'l
1482 4248 1494 4306 s
1517 4242 1576 4308 itur
1593 4238 1656 4315 est,

453 4376 459 4394 ,
604 4314 669 4382 uod
689 4312 821 4381 hacsrtet
840 4313 974 4399 amphus
992 4313 1031 4380 V.
1045 4313 1217 4385 Cl.harum
1240 4321 1430 4408 ineptiarum
1449 4261 1659 4393 vcfminimu

580 4337 756 4553 Ξιῐιίΐρῑιίοηι
768 4397 893 4487 penitus
903 4396 1038 4472 liberare
1047 4396 1220 4476 Auctorem
1228 4404 1381 4478 nostrum
1405 4404 1515 4481 Etiam
1534 4410 1661 4568 w

628 4498 691 4552 trca
1424 4553 1427 4560 ,
1571 4515 1581 4544 t
