4500 5834
573 754 675 838 ..304
829 728 1143 807 ursanum
1176 727 1443 815 carrica

593 969 688 1035 etiam
703 965 889 1065 sapientiae,
914 963 958 1026 ita
975 963 1076 1027 vitam
1094 960 1221 1047 possed
1296 962 1364 1031 e&
1390 986 1464 1031 cum
1491 966 1662 1031 hominum

590 1048 861 1137 infipienoffimis,
884 1060 919 1110 ut
934 1060 969 1110 tu
987 1064 1160 1128 numquam
1182 1066 1224 1133 pe
1248 1050 1318 1114 imis
1345 1068 1453 1115 eorum
1477 1063 1661 1113 cornmotur

590 1148 645 1200 aut
667 1132 786 1219 prorsus
799 1124 1005 1194 labefactatus
1024 1131 1185 1207 moribus,
1209 1129 1377 1198 estatione
1401 1132 1555 1215 dejiciaris
1584 1146 1662 1205 tua,

589 1235 683 1302 quam
701 1212 845 1298 quidem,
867 1211 961 1294 hujus
977 1214 1119 1277 maximae
1139 1212 1271 1280 Virtutis
1289 1214 1418 1281 Mouu
1429 1234 1457 1279 nr
1478 1232 1559 1279 ann
1570 1233 1579 1276 1
1590 1231 1612 1276 a
1623 1227 1668 1276 u:

483 1363 486 1368 .
523 1310 528 1320 '
590 1316 689 1364 Tana
709 1294 922 1378 adquirendae
939 1297 1255 1379 umquam,quadam
1268 1296 1428 1364 indusium
1438 1295 1664 1380 desperatione

587 1378 711 1467 potius,
736 1397 831 1463 qoam
849 1373 1057 1455 fortitudine,
1081 1375 1136 1445 sub
1161 1381 1243 1445 inani
1260 1379 1367 1468 specie
1393 1379 1425 1444 dt
1448 1379 1593 1445 mendaci
1613 1374 1663 1442 sa·

586 1461 726 1547 pientiae
742 1474 932 1547 praetextu,
954 1460 1118 1527 hominum
1138 1464 1273 1547 turpiter
1290 1463 1469 1548 fugientem
1488 1459 1661 1537 consortia,

585 1545 685 1610 vitam
700 1559 733 1611 te
758 1545 842 1610 inter
867 1542 980 1610 bestias
1013 1544 1183 1630 transigere
1208 1546 1370 1630 ignavum.
1396 1550 1416 1589 ³*
1435 1548 1530 1611 lisoius
1548 1562 1662 1611 autem

584 1625 617 1692 ἂ
634 1630 674 1695 ab
692 1628 729 1694 iis
745 1641 816 1693 orta
845 1630 1007 1710 cujuscum
1029 1648 1070 1694 ue
1125 1629 1226 1694 eneris
1243 1628 1324 1711 ferre
1345 1650 1399 1693 nort
1419 1631 1491 1712 ροβε
1509 1631 1606 1702 mala,
1628 1626 1663 1690 id

582 1709 820 1797 ipsummngnsm
836 1712 953 1778 merito
1026 1732 1074 1776 um
1117 1713 1172 1778 ion
1189 1710 1244 1776 ille
1259 1726 1454 1785 vocaverat,
1478 1731 1574 1793 quem
1599 1727 1661 1774 noa

584 1795 626 1861 ad
639 1794 789 1861 ultimum
804 1792 830 1860 Ι.
843 1791 934 1863 Libri
951 1796 1016 1877 iarn
1031 1794 1227 1860 laudavimus
1238 1793 1416 1860 Distichon.
1429 1802 1490 1856 ΜΕ
1501 1804 1555 1858 ΓΑ
1579 1801 1605 1855 K
1615 1806 1661 1858 A·

580 1884 704 1954 KON,
724 1887 790 1943 TO
814 1885 890 1945 ΜΗ
914 1883 1172 1942 Armeni
1198 1882 1358 1942 ΦΕΡΕΙΝ
1380 1884 1557 1941 KAKON.
1581 1876 1660 1941 Vid.

582 1962 661 2028 ibid.
680 1962 736 2028 ubi
755 1960 787 2028 su
810 1982 865 2039 ra,
891 1958 992 2045 Diog.
1012 1956 1196 2035 laertium,
1219 1955 1290 2024 Lib.
1305 1959 1359 2025 lV.
1377 1958 1423 2023 Ca
1448 1958 1538 2024 ‚Vll
1558 1980 1589 2043 p.
1609 1979 1660 2023 m.

585 2060 655 2195 15}
675 2042 707 2109 ἃ
725 2064 765 2111 co
806 2095 814 2109 .
834 2047 915 2111 haee
933 2064 1007 2111 cum
1028 2044 1066 2109 iis
1074 2087 1086 2122 ,
1108 2062 1189 2128 quae
1207 2042 1273 2124 iam
1289 2038 1359 2108 sunt
1377 2043 1409 2107 di
1441 2040 1660 2127 aponeDist.

582 2125 617 2195 X
653 2125 776 2196 XVssl.
799 2128 840 2194 de
856 2128 1033 2217 ἀνεξικακίᾳ.

623 2210 781 2278 Vanum
804 2210 851 2277 est
871 2212 1051 2297 denegari,
1073 2209 1168 2290 sane,
1190 2229 1231 2276 ne
1253 2211 1301 2276 uit
1326 2206 1511 2293 injustitiam
1536 2207 1658 2292 saepius

581 2295 766 2384 praevalere
783 2298 944 2380 aequitati.
958 2296 1109 2362 Necraro
1128 2296 1224 2361 unive
1254 2314 1288 2359 us
1299 2293 1410 2388 aliquis
1426 2291 1561 2377 populus
1572 2340 1581 2368 ,
1592 2289 1656 2356 sme

583 2376 706 2459 caussa,
725 2381 759 2447 in
776 2379 867 2446 unius
886 2378 918 2443 ἃ
935 2378 1062 2444 alterins
1072 2424 1083 2456 ,
1101 2381 1232 2463 ejusque
1250 2374 1403 2452 insontis,
1417 2375 1592 2459 conjurasse
1610 2376 1656 2439 vi-

583 2463 718 2530 debatur
753 2463 925 2528 interitum.
982 2461 1062 2555 Quis
1087 2460 1152 2528 sane
1167 2461 1305 2526 maxima
1322 2459 1420 2526 animi
1440 2460 1658 2542 indignatione

581 2544 692 2643 legere
706 2558 759 2610 aut
774 2545 807 2610 in
824 2542 1018 2631 'llrucydide
1043 2543 1211 2622 sustineat,
1237 2559 1290 2609 aut
1319 2541 1473 2609 Cornelio
1500 2542 1654 2629 Nepote,

581 2629 676 2695 Vrros
692 2626 830 2693 summos
848 2628 952 2712 deque
969 2626 1021 2694 sua
1041 2629 1140 2713 patria
1167 2626 1291 2712 optime
1319 2630 1451 2693 meritos
1473 2624 1505 2691 &
1532 2645 1655 2693 meren-

586 2710 719 2779 tilsrmos
743 2710 784 2777 ab
810 2709 1161 2796 ingrato·Graecorum
1187 2710 1308 2797 populo
1335 2709 1468 2795 peffime
1491 2712 1654 2795 quondam

584 2808 736 2891 acceptos
756 2808 852 2878 atque
869 2795 1023 2874 habitos,
1052 2810 1159 2861 morte
1189 2813 1317 2879 quoque
1347 2793 1554 2877 ignominiosa
1576 2792 1655 2859 affe-

581 2878 650 2945 stus
670 2878 890 2943 mmerentes‘l
923 2879 1004 2975 Quis
1023 2878 1226 2954 Miltiadem,
1251 2877 1423 2943 maximum
1449 2877 1556 2953 illum,
1581 2874 1655 2961 post

570 2963 749 3046 ¹hominum
766 2964 975 3040 memoriam,
999 2962 1115 3038 heroa,
1137 2960 1390 3027 vidoremillum
1400 2959 1653 3036 Marathonium,

581 3046 673 3112 illum
700 3045 741 3110 de
775 3042 875 3110 Dario
908 3047 1013 3129 deque
1048 3044 1272 3111 innumerabili
1307 3040 1466 3108 Persarum
1503 3043 1650 3107 exercitu

581 3129 869 3215 triumphatorem,
892 3129 1044 3195 libertatis
1061 3129 1182 3213 patriae
1202 3128 1380 3204 vindicem,
1412 3128 1452 3192 ab
1471 3125 1650 3191 Athenien-

578 3212 659 3280 sium
679 3211 805 3297 plebe,
838 3211 961 3296 prorsus
990 3213 1208 3287 immemore,
1241 3209 1271 3275 se
1297 3211 1477 3294 onningen,
1507 3209 1652 3287 liberos,

580 3316 653 3363 cara
671 3296 910 3374 omnia,vitam
927 3294 979 3375 dt,
991 3315 1071 3394 quae
1090 3296 1158 3360 vita
1174 3297 1274 3360 carior
1294 3292 1356 3359 elle
1373 3294 1532 3372 debebat,
1553 3292 1654 3381 ipsam

579 3380 783 3454 libertatem,
807 3380 882 3446 huic
901 3379 954 3444 uni
978 3398 1050 3444 vrro
1069 3378 1208 3458 debere,
1234 3376 1313 3443 falso
1330 3378 1460 3444 nomine
1478 3377 1654 3443 ardentiffi-

579 3466 625 3530 mi
643 3482 702 3549 pro
721 3460 886 3531 retinenda
903 3463 1049 3530 libertate
1067 3460 1188 3541 studii,
1222 3462 1372 3528 eumdem
1399 3462 1509 3548 capitis
1529 3460 1653 3527 accula-

1563 3561 1652 3626 tum,

583 3683 1656 3742 mmmmmmm

610 3812 624 3840 ⁸
643 3809 683 3855 Ne
717 3807 754 3860 uis
770 3807 850 3857 eredat
864 3807 911 3855 hoe
927 3808 957 3855 ad
971 3821 1058 3869 paucos
1076 3807 1185 3857 adtinere
1204 3808 1228 3857 ἃ
1246 3803 1342 3856 sortasse
1358 3806 1388 3855 ad
1406 3800 1475 3869 prisci
1491 3815 1589 3852 annam
1600 3803 1653 3851 aeri

575 3864 681 3932 {pestate
698 3819 871 3939 sillosophos‚
887 3869 1011 3931 rigidiores
1026 3871 1083 3918 illos
1098 3868 1219 3935 durosque
1232 3870 1325 3918 Stoicos
1337 3865 1548 3977 atquenc‘pnieon
1563 3865 1654 3929 cogita:

578 3943 695 3990 nagnam
717 3928 839 3994 hodaeque
862 3942 953 3993 partem
979 3930 1111 3980 hominum
1130 3946 1159 3980 es
1174 3932 1253 3981 'adhuc
1276 3928 1329 3977 labe
1347 3928 1394 3977 else
1411 3944 1436 3975 m
1463 3926 1544 3975 etam:
1561 3932 1653 3988 Depre·

577 3988 670 4057 hender
685 3991 752 4036 enim
768 3991 793 4038 in
812 4005 840 4038 ea
856 3989 924 4038 classe
942 4006 993 4040 non
1010 3988 1091 4042 solum
1104 3994 1220 4057 ignauum
1232 4005 1302 4057 petus
1318 3991 1452 4038 monachos
1474 3989 1499 4035 δι
1513 3988 1599 4036 omnis
1610 4001 1655 4059 ge·

578 4062 644 4117 neris
656 4064 745 4098 omnes
760 4049 894 4107 solitarios,
912 4048 952 4100 sed
966 4054 991 4101 δι
1006 4051 1123 4119 generoso
1137 4050 1250 4119 sanguine
1268 4052 1364 4102 nobiles
1386 4047 1542 4114 ermpessres,
1560 4048 1655 4096 mihi&

578 4108 719 4172 aulaeoeque
737 4126 876 4169 veteranos,
892 4126 1019 4163 venatores
1031 4130 1137 4174 omnes,
1164 4117 1239 4180 inque
1252 4115 1282 4163 iis
1294 4115 1370 4163 «hm
1393 4115 1500 4163 virorum
1515 4110 1655 4174 principum

578 4164 699 4229 sylvestris
710 4177 823 4233 agmina,
842 4175 982 4224 innumeras
996 4178 1093 4242 copias,
1121 4177 1206 4227 indue
1225 4173 1347 4241 utriusque
1370 4176 1490 4228 colonos,
1507 4171 1604 4235 integra
1618 4184 1657 4219 te·

580 4241 646 4336 ΞΜ)
664 4240 750 4288 terras,
767 4236 878 4297 regiones
909 4236 1027 4299 integras,
1045 4240 1185 4289 rusticorum
1239 4251 1322 4303 noque
1349 4234 1495 4286 ditiflirnum
1510 4246 1654 4299 quemque.

601 4300 691 4358 eritque
707 4289 825 4363 latrones,
843 4309 1070 4368 ornnes,qaantum
1086 4302 1112 4348 in
1131 4298 1155 4348 se
1168 4252 1339 4357 enflsociena
1356 4298 1462 4351 inutiles·
1482 4293 1553 4347 Adeo
1567 4306 1657 4345 om

584 4350 813 4409 maecenatiana·
828 4371 857 4420 ea
874 4357 995 4425 infestata
1010 4361 1036 4412 δι
1048 4360 1219 4426 coinquinavit
1230 4361 1355 4427 marmio.
