4500 5834
697 762 779 843 424
917 729 1234 813 Historia
1284 732 1557 816 currren

1375 862 1771 887 Ἣ

690 951 828 1036 fraudem
840 955 949 1040 potire,
973 962 1026 1016 aut
1045 945 1130 1016 aliud
1148 946 1340 1030 hujusmodi.
1367 948 1488 1019 Verum
1504 948 1616 1036 &ipsa
1636 961 1777 1041 contex-

703 1053 735 1102 ta
754 1038 925 1104 ver-borum
953 1034 985 1096 id
1008 1027 1080 1107 satis
1100 1050 1133 1095 ar
1157 1048 1257 1109 uunt,
1281 1032 1313 1097 ἃ
1332 1034 1396 1107 hoc
1420 1033 1489 1111 est,
1511 1034 1600 1118 quod
1620 1032 1782 1099 celeberr.

700 1122 808 1203 ajebat
830 1117 1067 1199 Rescriptorum
1085 1049 1223 1181 Auffior:
1247 1115 1336 1182 Haec
1355 1115 1501 1183 Disticha
1518 1116 1588 1204 plus
1607 1117 1639 1182 in
1656 1114 1786 1184 receffu

697 1203 840 1277 habent,
865 1218 959 1283 quam
980 1199 1069 1293 quod
1087 1200 1190 1283 prima
1207 1197 1316 1267 fronte
1333 1221 1408 1284 prae
1426 1200 1457 1266 se
1475 1199 1592 1266 ferunt.
1634 1198 1704 1348 Opi
1727 1198 1782 1265 vir
1836 1212 1843 1234 ·

702 1281 832 1371 ampliff.
852 1281 935 1366 quasi
962 1282 1046 1349 aliud
1072 1284 1220 1366 agendo,
1241 1284 1412 1367 aliquando
1435 1284 1635 1368 coniettabat
1679 1303 1699 1347 e
1723 1301 1785 1348 en·

701 1370 777 1435 dum
794 1385 871 1449 pro:
897 1366 968 1430 Noli
987 1378 1019 1430 ru
1038 1368 1145 1444 verbu,
1164 1365 1237 1433 Noli
1254 1370 1376 1431 lumento
1395 1369 1519 1434 timere.
1543 1367 1605 1431 Sed
1622 1386 1687 1432 con
1714 1366 1783 1443 do,

698 1449 827 1536 propius
852 1452 917 1531 jam
940 1446 1106 1534 perspesto
1129 1450 1196 1516 inte
1220 1470 1257 1515 ro
1285 1448 1467 1517 Sententiae
1494 1471 1601 1528 nexu,
1622 1448 1653 1513 ὅ(
1677 1448 1785 1536 ipsum

695 1553 763 1601 non
783 1533 921 1602 alienum
932 1533 972 1601 ab
985 1532 1049 1598 hoc
1064 1529 1173 1600 nostro
1188 1468 1276 1599 (ensu
1294 1532 1356 1598 effe
1372 1532 1523 1601 futurum.
1552 1534 1658 1627 Quare
1681 1535 1784 1600 etiam

695 1637 751 1683 me
770 1635 787 1681 a
805 1614 987 1706 propiusue,
1011 1616 1142 1683 ulterius
1161 1619 1241 1682 haec
1260 1617 1293 1681 in
1311 1617 1452 1702 apricum
1470 1619 1631 1703 ponendi,
1645 1616 1714 1712 ipsa
1731 1637 1782 1683 re,

696 1714 796 1765 vocat
817 1698 900 1764 Viris
929 1698 970 1763 de
993 1698 1119 1766 Catone
1140 1720 1216 1767 meo
1241 1715 1307 1765 tam
1325 1702 1486 1790 praeclare
1513 1701 1634 1766 meritis
1652 1704 1783 1767 iummo

696 1784 766 1869 jure
787 1783 898 1847 debita
916 1779 1125 1850 observantia.

739 1864 908 1932 Lavinia
938 1866 1083 1950 prorsus,
1106 1871 1140 1935 in
1160 1868 1245 1933 hunc
1269 1862 1340 1933 fere
1363 1869 1514 1933 eumdem
1539 1866 1691 1945 sensum,
1716 1867 1781 1945 jam

696 1950 775 2017 olim
798 1948 929 2025 dixere,
954 1951 1007 2034 qui
1034 1950 1180 2025 omnium
1206 1949 1339 2017 minime
1357 1949 1426 2017 sunt
1448 1952 1574 2029 uxorii,
1605 1951 1779 2018 Hebraeo-

698 2052 770 2103 rum
793 2032 980 2123 Sapientes:
1481 2061 1484 2070 .

895 2191 966 2244 :ru
986 2174 1068 2243 orni
1090 2171 1198 2243 irrina
1220 2188 1328 2242 σωκ
1347 2189 1412 2260 prr
1434 2188 1543 2258 :upon

692 2310 737 2380 H.
749 2310 787 2377 E.
824 2312 1007 2408 Quocumque
1031 2315 1063 2378 in
1081 2313 1136 2376 ioco
1152 2313 1202 2376 or'r
1220 2331 1273 2375 rrorr
1298 2304 1376 2393 adest
1400 2312 1490 2391 tilius,
1513 2313 1555 2376 iu·
1578 2312 1733 2396 praecipue
1753 2322 1782 2374 te

691 2401 849 2463 neminem
862 2394 1007 2482 praestare
1027 2396 1167 2459 virurn*.
1210 2393 1287 2485 Quo
1306 2395 1462 2460 inuuunt:
1488 2394 1523 2460 in
1543 2392 1782 2460 consuetudine

694 2482 833 2547 maxime
854 2499 927 2543 cum
944 2479 1086 2563 sequiore
1102 2478 1199 2553 sexu,
1223 2477 1390 2562 prudentia
1410 2498 1492 2563 opus
1512 2477 1575 2543 effe
1590 2498 1628 2548 ac
1646 2476 1781 2545 fortitu·

695 2566 781 2631 dine.
820 2561 910 2624 Licet
938 2560 969 2624 ἃ
987 2560 1085 2627 alium
1112 2561 1286 2625 verborum
1310 2558 1432 2626 sensum
1452 2559 1601 2628 doctores
1628 2561 1705 2628 inde
1722 2561 1781 2626 eli-

695 2647 842 2713 ciant&
865 2643 928 2708 Sed
944 2664 1042 2740 quum
1069 2663 1109 2709 eo
1130 2661 1215 2708 nuuc
1235 2643 1408 2710 deventum
1424 2644 1537 2719 est,ut
1555 2646 1631 2712 inde
1651 2644 1783 2729 usquea

697 2730 808 2818 primis
835 2726 968 2794 habitati
991 2728 1078 2793 orbis
1099 2727 1257 2794 aetatibus
1276 2728 1383 2812 paullo
1401 2728 1525 2812 longius
1543 2750 1577 2796 re
1601 2729 1720 2798 etenda
1741 2727 1781 2794 fit

696 2816 765 2897 ejus
783 2815 859 2896 juris
870 2856 879 2887 ‚
892 2812 980 2905 quod
989 2813 1059 2876 viro
1080 2810 1238 2895 competit
1255 2811 1287 2876 in
1301 2811 1554 2889 mulierem‚cau
1580 2834 1597 2878 a
1616 2811 1752 2960 &orru'po
1762 2856 1778 2891 ,

695 2912 880 2982 opportune
900 2900 932 2959 ie
962 2895 1054 2962 nobis
1074 2893 1173 2959 offert
1192 2913 1257 2961 non
1283 2893 1451 2960 invenuste
1471 2895 1619 2984 scriptum
1639 2914 1681 2980 op
1717 2913 1775 2960 ω..

695 2981 784 3055 lum,
796 2977 883 3062 quod
903 2997 1003 3063 nuper
1021 2979 1054 3043 in
1064 2976 1258 3042 Germaniae
1275 2977 1383 3045 lucem
1401 2981 1540 3063 prodiit,
1562 2980 1658 3045 &cui
1675 2997 1769 3063 prae·

696 3061 778 3130 fixus
796 3060 842 3127 est
862 3062 989 3128 titulus:
1012 3062 1104 3127 Homo
1119 3063 1228 3147 integer
1247 3060 1284 3133 δ’
1301 3063 1617 3147 corruptus,secundurr
1636 3062 1771 3129 oracula

686 3146 784 3235 socru.
809 3143 933 3231 Lipiiae
953 3166 1003 3230 ap.
1018 3141 1105 3209 KG.
1116 3141 1347 3226 Jacobaeerum
1358 3164 1558 3214 crnraccuur.
1579 3145 1618 3213 In
1633 3165 1699 3230 quo
1717 3146 1769 3211 in-

697 3247 747 3296 ter
764 3229 825 3297 alia
845 3231 1041 3312 minimeque
1059 3225 1221 3310 vulgaria,
1233 3227 1296 3294 hoc
1307 3248 1533 3314 argumentum
1551 3229 1657 3318 paullo
1666 3230 1771 3297 curio.

627 3334 630 3346 ·
693 3312 753 3381 sius
802 3312 960 3380 ertraetari
992 3311 1163 3377 cernimus.
1207 3311 1326 3379 Audor
1356 3315 1443 3380 enim
1472 3317 1570 3398 ejus,
1651 3311 1775 3399 stquam

584 3433 587 3440 ·
693 3394 768 3465 Lib.
778 3333 806 3463 ἵ
825 3396 906 3462 Seu.
927 3394 970 3462 ΙΙ.
991 3392 1167 3490 Capilli.
1188 3394 1315 3481 §xvi
1336 3418 1408 3482 pag.
1430 3396 1620 3466 LXXXV.
1643 3416 1687 3463 ex
1706 3396 1773 3486 ipsa

692 3500 799 3548 rerum
818 3496 948 3557 natura,
973 3498 1054 3564 eque
1078 3483 1251 3546 innumeris
1278 3496 1347 3546 tum
1365 3483 1563 3564 graviditatis
1590 3498 1659 3549 tum
1679 3501 1773 3567 puer-

738 3565 775 3631 rii
793 3564 1008 3631 incommodis
1026 3562 1256 3641 muliebribus,
1277 3583 1367 3631 certo
1392 3566 1509 3633 certius
1538 3567 1716 3634 deduxerat
1734 3586 1773 3633 ac

692 3584 887 3717 ffibiliverat
915 3650 1005 3725 hoe,
1038 3666 1134 3730 quam
1162 3647 1286 3732 prorsus
1306 3669 1372 3715 non
1392 3669 1498 3716 carere
1516 3667 1636 3735 nuptae
1652 3649 1771 3736 poffint

692 3733 799 3800 alieno
815 3730 990 3817 praesidio,
1013 3730 1114 3816 (adeo
1134 3729 1190 3797 sibi
1210 3748 1323 3799 mutuo
1340 3733 1509 3816 conjuueta
1526 3736 1618 3812 sunt,
1636 3752 1720 3819 quae
1738 3734 1773 3812 in

687 3812 750 3883 isto
768 3815 923 3883 versiculo
942 3817 1042 3882 verba
1062 3813 1284 3881 continentur:
1311 3817 1474 3901 Separat,
1498 3831 1530 3883 ur
1546 3819 1650 3903 pariat
1668 3818 1772 3887 mulr'rr

686 3916 781 3989 paret
803 3919 845 3967 ue
861 3903 997 3986 marim.)
1015 3895 1202 3982 insequente
1221 3899 1241 3984 §
1260 3896 1366 3965 XVII.
1390 3903 1508 3969 deinde
1525 3901 1568 3969 sic
1586 3904 1652 3969 ait:

729 3920 930 4071 Perjequemur
956 3985 1078 4066 reliquas
1104 4000 1225 4047 uxorum
1249 3988 1503 4069 incommoditates,
1527 4006 1602 4072 quoe
1623 3988 1764 4070 exprim

684 4082 798 4136 tvun
814 4082 925 4151 peccaro
941 4062 1118 4149 orrarsvru,
1138 4079 1224 4156 atque
1247 4066 1512 4155 demostraiimzu,
1535 4089 1639 4137 uxum
1655 4071 1771 4167 irrvrvr'ir'o⁴

702 4387 839 4451 Plurirkee
846 4395 935 4442 Abour
942 4396 1000 4457 cap.
1011 4396 1044 4444 11.
1061 4395 1116 4460 55.
1181 4392 1222 4432 ¹⁸
1235 4396 1419 4460 nequamus
1429 4394 1509 4463 urbi,
1522 4402 1552 4452 Ι..
1561 4402 1608 4455 iv.
1616 4392 1754 4447 1211111·

1196 4645 1209 4678 ἱ
