4500 5834
733 768 809 848 422
980 744 1290 824 rusroaln
1342 752 1610 836 carrica

1165 884 1402 893 —m--m
1424 890 1476 898 Ὦ,
1487 894 1492 898 .
1633 891 1786 905 -oo—oae--Q

772 970 834 1038 An
864 986 966 1038 maa
994 986 1103 1034 natur
1133 971 1204 1034 iiber
1231 972 1385 1053 uiderem,
1410 975 1454 1041 ita
1477 975 1593 1044 Cicero
1615 978 1801 1057 exclamat,

729 1056 963 1124 Paradoxorurn
985 1051 1046 1131 V.,
1071 1072 1143 1118 cur
1172 1070 1348 1122 muman
1377 1064 1607 1127 rutenae?
1644 1064 1700 1128 Cui
1726 1065 1805 1150 leges

728 1146 864 1226 imponit,
891 1134 1077 1224 praescrihit,
1103 1140 1206 1226 juber,
1231 1152 1332 1217 vetat,
1418 1144 1438 1207 d
1463 1146 1604 1211 adeam?
1670 1152 1702 1211 ui
1724 1149 1804 1213 nibil

619 1221 625 1233 ’
727 1228 878 1311 imperanti
899 1241 1001 1308 negare
1013 1214 1122 1318 peresi,
1146 1222 1220 1287 nibil
1237 1223 1348 1289 madet?
1366 1161 1489 1312 &istite
1513 1229 1671 1294 dandami
1698 1279 1708 1294 .
1740 1231 1802 1298 Va·

726 1326 791 1376 cat:
814 1310 993 1374 veniendum.
1017 1308 1124 1391 iiiior:
1149 1305 1317 1373 abeundum.
1340 1325 1573 1377 urrunnun:
1603 1332 1802 1381 exarare·

722 1411 858 1463 acano
869 1409 890 1454 u
902 1407 940 1453 nr.
964 1388 1028 1473 ligo
1044 1407 1111 1453 uero
1128 1383 1212 1471 istum
1229 1408 1283 1453 non
1295 1391 1523 1478 modestiorem,
1533 1397 1587 1481 sed
1601 1396 1803 1549 aequm

713 1479 850 1566 serviam,
873 1470 979 1548 etiumfi
1004 1476 1035 1537 iu
1058 1468 1228 1555 ampliffima
1243 1472 1364 1553 surum
1389 1492 1473 1541 natare
1489 1477 1558 1558 fit,
1590 1495 1659 1565 appe

700 1574 796 1648 puto.
820 1558 870 1622 Ex
885 1554 941 1620 ista
957 1570 1022 1621 tarn
1043 1553 1109 1620 dira
1128 1555 1310 1641 pariterque
1326 1560 1511 1642 nequiffinra
1535 1562 1687 1629 servitute
1706 1563 1798 1649 adse·

720 1664 791 1711 rere
817 1641 848 1705 de
872 1637 995 1704 servare
1023 1637 1181 1716 libemm‚
1205 1653 1259 1704 aut
1283 1641 1338 1708 ubi
1365 1643 1430 1725 jam
1457 1644 1630 1729 inprudens
1657 1650 1690 1713 in
1723 1669 1796 1717 eam

718 1728 805 1794 forte
825 1723 971 1790 inciderit
988 1722 1231 1817 captivitatem,
1255 1720 1310 1791 sub
1329 1722 1516 1794 Virtutis'ad
1536 1730 1735 1797 Prudentiae
1751 1734 1800 1811 ius

717 1812 874 1885 fiinibus,
898 1808 930 1873 in
948 1805 1110 1893 pristinam
1131 1803 1233 1872 filium
1249 1807 1410 1875 vindicare
1436 1810 1637 1892 libertatem,
1664 1817 1792 1883 viribus

713 1833 865 1963 alinititur
882 1892 1050 1969 omnibus,
1062 1909 1174 1988 parens
1188 1889 1294 1958 salutis
1311 1892 1394 1960 illius
1410 1891 1651 1963 studiolilirmus.
1679 1898 1793 1985 Inquit

714 1999 812 2064 ergo:
839 1976 939 2041 Vrnr
961 1995 1014 2040 non
1030 1978 1100 2061 effe,
1121 1978 1199 2041 irum
1212 1982 1358 2063 meosque
1374 1981 1547 2057 extimescere
1569 2000 1791 2050 reatinae:

711 2084 761 2129 erec
778 2065 870 2126 decere
893 2076 1135 2136 nauriunt,
1158 2060 1530 2149 ursuljrcrimpen'osuue
1551 2083 1790 2148 conluere,

711 2160 744 2212 ut
761 2147 813 2209 illu
832 2146 888 2209 tole
905 2143 1060 2230 plumeam
1074 2140 1166 2221 facile
1191 2157 1241 2207 uret
1264 2150 1368 2227 inpane
1390 2144 1475 2222 uuit.
1519 2145 1715 2228 Praeterea,
1741 2154 1790 2218 in-

710 2242 827 2316 potens
847 2225 912 2304 sui,
934 2226 1007 2290 leve
1032 2223 1064 2288 ἃ
1089 2223 1253 2302 instabile,
1277 2226 1340 2292 elle
1366 2229 1554 2309 mulierem,
1585 2233 1632 2298 ita
1658 2250 1694 2300 ut
1718 2237 1787 2319 ejus

710 2330 833 2388 inne,
858 2328 1027 2385 trinea,
1059 2326 1295 2390 nixaeque
1323 2314 1403 2376 tanti
1428 2334 1493 2381 non
1512 2314 1571 2380 fint
1593 2314 1801 2397 faciendae,'

711 2394 969 2542 ‘lffl‘lsls‘llidffl
979 2412 1020 2470 ,a
1035 2390 1092 2456 fibi
1112 2390 1270 2458 constanti
1279 2412 1318 2457 ac
1327 2397 1480 2479 propositi
1498 2402 1602 2466 tenaci
1620 2403 1694 2468 viro
1704 2421 1788 2489 quae

709 2499 809 2569 proce
833 2490 927 2541 erint.
1589 2504 1595 2517 ·

746 2590 826 2677 Illa,
850 2603 885 2653 ut
903 2583 949 2651 est
968 2584 1114 2651 Ventura
1134 2580 1167 2649 tlt
1188 2603 1366 2655 muraena
1381 2588 1494 2676 semper
1517 2610 1671 2671 ramme,

826 2705 887 2774 Por
904 2706 1013 2771 levibus
1027 2705 1135 2791 plumis
1150 2706 1316 2792 tolerarique
1325 2704 1477 2787 sterillimo
1494 2725 1596 2793 verto,

699 2844 876 2923 ¹facillime,
899 2844 1048 2932 dictoque
1075 2846 1192 2925 citius,
1215 2846 1344 2914 alternis
1369 2848 1470 2915 veluti
1488 2850 1774 2928 vieilirtudinibus,

703 2933 847 3001 eritibus
866 2930 1045 3016 lufibusque
1064 2930 1170 2997 delabi
1188 2929 1221 2996 in
1238 2929 1361 3008 luctus,
1386 2933 1417 2997 in
1445 2952 1623 3001 moerorem
1641 2933 1772 3019 potest,

700 3036 744 3087 ex
754 3015 899 3081 altiffima
915 3013 1253 3099 amarulentiffimaque
1273 3014 1397 3081 tristitia
1416 3017 1528 3083 itemm
1544 3014 1657 3081 inrisus
1673 3014 1771 3093 solvi,

673 3129 676 3136 ·
698 3101 796 3185 inque
814 3096 1030 3166 effufiffimam
1057 3094 1222 3166 transferri
1248 3098 1424 3179 laetitiam3
1451 3120 1470 3165 e
1494 3100 1715 3167 blandimentis
1734 3102 1768 3165 in

699 3184 887 3254 effrenatam
905 3183 1024 3250 devehi
1043 3185 1144 3260 iram,
1168 3183 1201 3247 in
1218 3183 1338 3267 jurgia,
1362 3185 1393 3250 in
1413 3183 1553 3252 furorem
1571 3182 1642 3269 agi3
1662 3202 1703 3248 ex
1719 3182 1766 3247 le·

698 3268 812 3337 talibus
837 3269 1030 3344 inimicitiis,
1053 3268 1147 3344 rixis,
1170 3266 1349 3350 minisque,
1371 3289 1432 3353 pro
1458 3288 1492 3333 re
1519 3284 1610 3346 nata,
1634 3267 1769 3353 parique

696 3349 1007 3430 mobilitate‚rursus
1026 3350 1220 3418 descendere
1236 3351 1277 3417 ad
1296 3351 1534 3429 blanditias,ad
1550 3352 1676 3419 miseras
1695 3370 1769 3436 pre·

816 3436 954 3512 loratus,
979 3433 1136 3530 ejulatus:
1161 3451 1257 3521 atque
1281 3449 1358 3501 tunc
1376 3437 1505 3520 quidem
1528 3438 1649 3523 magis,
1694 3455 1768 3501 uam

692 3456 964 3587 ienesa’rientiffirna
989 3537 1054 3596 rra,
1079 3518 1221 3585 timenda
1249 3520 1319 3584 viro
1346 3518 1401 3585 est.
1447 3519 1485 3585 ln
1513 3543 1578 3607 quo
1599 3455 1769 3588 nobiicum

691 3601 850 3672 consentit
870 3602 925 3668 ille
944 3601 1047 3671 Publii
1066 3602 1136 3689 Syri
1153 3601 1296 3680 Mimus,
1318 3601 1340 3667 s.
1357 3603 1513 3672 sententia
1529 3607 1678 3673 inimica:

814 3740 923 3827 Aperte
940 3741 1019 3807 mala
1034 3762 1096 3807 cum
1114 3738 1155 3825 esi
1171 3742 1288 3817 inuia,
1312 3754 1372 3809 lunt
1386 3746 1498 3813 demam
1512 3741 1552 3832 esi
1567 3750 1651 3816 bono.

585 3936 588 3943 .
689 3883 797 3986 Quam
820 3885 862 3952 fic
883 3905 999 3971 graece
1021 3882 1119 3951 effert
1140 3885 1300 3971 Scaliger,
1324 3910 1385 3957 nec
1408 3893 1511 3961 male:

719 4077 722 4095 ‚
804 4029 905 4100 'teat
926 4024 1000 4114 γυνή
1018 4026 1088 4098 irre,
1114 4026 1174 4099 ἥτις
1194 4027 1331 4110 ἐμφανῶς
1352 4034 1438 4107 κακή.

682 4156 727 4224 Et
754 4162 785 4226 in
812 4182 906 4247 quarn
933 4162 1075 4229 similiter
1098 4180 1338 4235 commentatur
1365 4170 1534 4237 Erasmusr
1559 4168 1695 4238 Furem
1716 4168 1757 4243 δ’

674 4240 891 4324 fraudulentum
913 4242 1206 4331 arrimaleslmulr'er,
1228 4270 1277 4316 eo
1319 4272 1372 4319 ua
1397 4272 1575 4321 nrrnrue
1597 4270 1759 4334 uoxrn,

681 4336 772 4390 cura
795 4346 944 4396 entant
967 4348 1045 4397 asa
1064 4348 1196 4399 mara.
1218 4332 1261 4401 Et
1320 4337 1458 4405 enandet
1476 4338 1671 4425 expreffius,
1695 4355 1756 4405 rr-

674 4422 872 4482 ttanuara
893 4413 1052 4505 eloquitu
1072 4417 1238 4503 mulium,
1261 4426 1407 4493 turrim
1423 4423 1569 4514 baritum
1692 4511 1754 4583 w
