4500 5834
722 816 835 904 342·
932 769 1557 866 ursionrncnrrren

727 1027 737 1040 ·
760 1005 996 1076 Laeonum
1017 993 1049 1059 δι
1073 994 1157 1070 hoc,
1180 993 1326 1078 vitioque
1349 992 1455 1079 aliquo
1484 992 1682 1077 adfectum,
1703 1014 1741 1067 ut
1758 998 1803 1068 le.

611 1161 618 1170 ,
719 1093 834 1161 stionis
851 1088 984 1157 varietas
1001 1082 1115 1173 iterum
1123 1085 1303 1163 iterumque
1326 1095 1459 1163 arguere
1476 1080 1678 1162 videbatur,
1702 1103 1801 1170 opem

720 1179 777 1246 fibi
804 1169 993 1260 exposcebat
1022 1160 1194 1228 Distrehon
1209 1206 1221 1240 ,
1253 1180 1369 1245 quam,
1401 1182 1462 1249 pro
1487 1164 1609 1231 virium
1640 1168 1799 1246 modulo,

720 1264 778 1350 ipss
794 1258 941 1329 adhibere
966 1246 1161 1316 tentavimus
1190 1264 1233 1312 ru
1253 1261 1332 1323 11⁸,
1357 1265 1437 1341 quae
1456 1268 1474 1313 a
1493 1249 1630 1334 reliquis
1652 1250 1798 1320 distinere

719 1342 851 1412 exscribi
878 1334 1086 1409 curavimus,
1115 1330 1198 1398 binis
1225 1328 1413 1411 vocabulis,
1436 1351 1584 1421 quaeque
1602 1332 1665 1421 ipfi
1685 1339 1795 1403 verbo

717 1448 785 1497 rum
810 1442 847 1489 ac
876 1415 1053 1486 sententiae
1077 1433 1178 1480 nexus
1203 1412 1452 1491 desiderabant,
1482 1415 1513 1481 &
1540 1417 1665 1503 quibus
1683 1420 1794 1487 additi,

715 1509 822 1579 omnia
839 1505 979 1588 denique
997 1500 1063 1583 jam
1084 1498 1178 1584 plana
1196 1499 1338 1564 evadunt
1355 1518 1392 1564 ac
1410 1502 1471 1565 rite
1492 1500 1700 1579 cohaerent,
1741 1523 1794 1570 une

714 1609 828 1668 antea,
839 1607 945 1673 neque
962 1583 1048 1651 enim
1066 1580 1172 1668 potest
1191 1582 1320 1669 negari,
1333 1582 1438 1651 hiulca
1449 1602 1541 1652 erant
1558 1601 1662 1673 atque
1678 1524 1791 1658 scaffen

715 1676 889 1761 Vulgarum
909 1669 973 1738 fuit
989 1667 1071 1733 hoc:
1322 1667 1329 1680 '

842 1801 1024 1897 Tranquturs
1041 1808 1139 1889 reru,
1153 1804 1265 1893 smper
1283 1755 1355 1896 quo
1373 1803 1496 1893 ,tonsa
1513 1807 1622 1874 emm.

716 1957 837 2024 Verum
866 1948 1036 2015 enimvero
1044 1991 1056 2025 ,
1089 1957 1143 2011 aut
1170 1962 1286 2031 oon
1309 1963 1376 2013 non
1398 1942 1604 2023 addendum,
1632 1960 1688 2013 aut
1718 1967 1791 2018 cum

713 2044 725 2112 i
749 2041 783 2107 so
801 2034 938 2105 verbum
958 2048 1066 2098 suun
1083 2048 1211 2117 quoque
1226 2030 1408 2100 addendum
1427 2024 1542 2094 fuerat.
1569 2028 1644 2097 Hoc
1662 2031 1790 2117 quidem

764 2119 917 2211 posterius
944 2113 1093 2202 permulti
1110 2129 1266 2199 egemnt,
1288 2131 1370 2200 quos
1394 2112 1478 2178 inter
1504 2110 1661 2183 Parifinus
1677 2113 1790 2203 pariter

711 2226 818 2288 novus
835 2203 892 2271 ille
910 2198 1036 2277 noster,
1060 2194 1253 2265 scribentes:

839 2340 962 2438 Quen
992 2353 1105 2403 sous
1134 2354 1342 2405 novensis
1370 2351 1558 2402 eruero.

714 2482 779 2550 Sed
799 2497 887 2555 tum,
909 2489 1037 2564 praeter
1060 2472 1300 2554 neceffitaterm
1322 2476 1483 2559 integrum
1510 2486 1681 2559 repetetur
1696 2473 1794 2541 hemi·

714 2565 882 2637 sticbiiim,
900 2578 942 2623 ex
961 2553 1033 2625 Lib.
1046 2555 1072 2623 1.
1092 2555 1176 2624 Dist.
1187 2558 1310 2628 XVIII.
1345 2577 1420 2627 uem
1440 2557 1472 2623 id
1512 2558 1658 2644 roprium
1680 2556 1795 2628 sibilo

713 2670 788 2721 cum
804 2648 873 2732 jure
890 2642 1044 2739 vindieat.
1087 2638 1173 2710 Illud
1190 2645 1234 2711 ita
1256 2663 1296 2715 ue
1316 2579 1452 2745 ditemm
1470 2575 1571 2728 eregit
1590 2639 1796 2741 Amtzeniun

617 2773 626 2797 .
712 2737 850 2804 domo
869 2724 925 2796 fibi
949 2741 1078 2814 potius,
1102 2746 1197 2878 {uam
1354 2721 1463 2812 nostro,
1485 2726 1603 2814 cessuro
1621 2725 1721 2795 breui
1741 2730 1796 2794 ine·

714 2831 782 2896 rus,
803 2832 900 2903 quam
916 2808 948 2876 ei
965 2810 1028 2877 hoc
1047 2829 1103 2878 mo
1127 2830 1149 2877 o
1166 2811 1379 2900 supponeret:

844 2948 1021 3035 Trmqutuis
1037 2952 1117 3016 rebus
1126 2995 1138 3030 ,
1162 2948 1425 3039 semperndoerso
1441 2950 1543 3015 timeto.

716 3089 797 3167 Ast,
817 3108 898 3176 pace
916 3087 986 3156 Viri
1012 3082 1132 3184 Clariis.
1153 3087 1207 3156 iila
1234 3087 1380 3156 caesurae
1405 3081 1621 3178 praerogatiua
1647 3099 1714 3149 nec
1745 3094 1799 3147 te-

719 3194 809 3244 mere
826 3187 879 3240 aut
895 3168 994 3290 facile
1011 3191 1103 3281 mnus
1125 3172 1244 3286 ubique
1262 3171 1478 3248 intmdenda‚
1503 3186 1563 3234 nee
1580 3164 1672 3267 ‘ultra
1696 3181 1796 3261 eam,

717 3255 1245 3429 §gaglirassropfirgeofflfflrfflpa
1271 3247 1799 3407 rgaeieiste’xtleffiffiffiscffia’

720 3447 798 3497 vera
814 3422 1130 3495 Caesuratolerabiie
1148 3428 1237 3517 supra
1255 3423 1391 3536 fuisset:¹

745 3587 755 3601 ·
844 3557 976 3646 Confloru
992 3560 1031 3635 ἃ
1054 3559 1154 3643 lenis,
1175 3577 1207 3633 ut
1230 3563 1292 3631 &e

715 3987 899 4070 Omniaque
915 3980 968 4077 ilia
984 3981 1195 4076 probatorum
1213 3981 1363 4066 exempla
1384 3979 1556 4048 Austomm
1567 4024 1579 4059 ,
1590 3999 1629 4048 ea
1645 3982 1687 4049 ad
1702 3980 1794 4058 loca,

714 4073 998 4238 ἓῖυὲῗξοηξῗῃιετ
1015 4082 1052 4129 ac
1069 4062 1212 4131 Daumro
1222 4109 1234 4143 ,
1259 4065 1465 4152 Wnchioque
1485 4066 1614 4146 citata,
1631 4066 1718 4132 idem
1742 4066 1794 4130 in·

846 4289 889 4355 Te
910 4292 987 4355 canit
1008 4286 1156 4373 agricola.

714 4397 865 4496 viderint
878 4427 977 4516 igimr
991 4426 1088 4516 aequi
1112 4438 1291 4498 metrorum
1314 4429 1556 4512 affirmatores,
1576 4446 1674 4519 quam
1685 4449 1800 4605 m
