4500 5834
550 700 552 703 ⁵
632 754 638 768 ’·
699 767 775 867 233
915 754 1233 832 nrsronrn
1284 755 1557 836 cn1rrca
1616 839 1627 850 ,

697 1028 717 1069 „
737 941 881 1063 nequeo:
901 973 963 1040 Sed
981 986 1164 1053 eam,quae
1182 965 1374 1061 extrinsecus
1393 966 1586 1066 significatur
1605 971 1662 1064 vel·
1678 989 1763 1065 voee

695 1111 716 1148 ,‚
737 1062 791 1134 vel
809 1059 916 1146 gestu,
940 1076 1013 1122 eum
1038 1051 1174 1146 populus
1193 1051 1324 1135 indigne
1349 1050 1435 1147 ferre
1460 1051 1492 1117 se
1520 1055 1636 1119 indicat
1654 1075 1685 1118 rn
1707 1053 1762 1118 alr·

695 1194 716 1231 „
760 1164 801 1212 uo
827 1141 957 1209 nimium
985 1136 1017 1200 ἃ
1054 1133 1244 1200 insolentem
1270 1154 1412 1222 corporis
1436 1136 1567 1204 cultum.
1618 1138 1763 1221 Ideoque

734 1166 946 1311 iisbjungitur:

772 1388 792 1423 „
815 1330 1003 1432 Quaestum
1025 1331 1133 1409 laedit,
1156 1343 1248 1398 tmen
1265 1333 1335 1399 burc
1347 1334 1467 1420 sufferte
1483 1330 1622 1420 mlejlum
1638 1332 1688 1419 tsi.

693 1278 713 1315 ll

695 1521 716 1557 „
736 1470 830 1536 Hanc
852 1466 916 1532 scil.
936 1463 991 1529 vel
1008 1483 1092 1531 voce
1106 1468 1162 1533 vel
1177 1467 1288 1552 gestu,
1310 1471 1364 1537 vel
1384 1487 1519 1556 utroque
1542 1472 1640 1538 modo
1659 1471 1761 1534 detra-

693 1553 885 1640 „tlionem
903 1546 1020 1644 ⁸Quale
1038 1548 1115 1615 illud
1140 1571 1267 1638 quoque
1285 1554 1515 1621 Terentianum
1534 1575 1541 1616 :
1567 1555 1633 1626 lta,
1656 1566 1687 1617 at
1705 1553 1764 1624 lane

694 1687 720 1723 „,
735 1640 850 1704 invidio
865 1636 976 1700 laudm
993 1634 1145 1713 invenias,
1168 1636 1205 1708 δ’
1222 1640 1426 1725 unicorpores.
1448 1638 1492 1703 Et
1511 1636 1587 1705 illud
1606 1635 1762 1710 Sallustii,

736 1721 812 1787 licet
831 1738 849 1784 e
867 1713 1088 1783 Demosthene
1108 1717 1146 1783 srt
1165 1716 1321 1786 sumtum:
1345 1722 1491 1788 Invidiam
1505 1726 1600 1806 glorio
1607 1715 1765 1805 superasti.
1838 1723 1843 1734 '

694 1770 784 1872 ilaec
802 1801 902 1868 Valla.
935 1798 1029 1893 Quo,
1053 1814 1086 1865 at
1124 1818 1221 1866 uanto
1248 1806 1371 1882 minor,
1394 1809 1521 1871 nemine
1546 1807 1579 1871 id
1605 1802 1763 1868 contradi·

694 1905 811 1964 cente,
832 1885 964 1971 purioris
994 1882 1098 1947 cultor
1151 1884 1301 1950 atinitatis
1323 1887 1519 1953 Boxhornius
1546 1888 1694 1972 cupedias
1717 1901 1765 1949 ta·

694 1971 869 2048 mennas,
890 1983 925 2033 ut
942 1981 1009 2031 erat
1029 1965 1238 2045 delicatulus,
1262 1988 1459 2053 concoquere
1480 1991 1544 2036 non
1565 1971 1687 2056 potuit!
1713 1969 1765 2034 lta

695 2054 783 2123 enim
799 2052 845 2118 illi
863 2070 919 2117 eae
938 2048 1136 2123 stomachum
1154 2069 1342 2130 movemut‚
1359 2067 1392 2118 ut
1410 2052 1580 2120 scriberet:
1602 2054 1765 2135 Scio,quid

694 2141 787 2214 velit,
811 2140 897 2201 nimio
906 2132 1014 2220 scilicet
1036 2136 1113 2197 calta
1129 2136 1272 2200 invidiam
1287 2157 1340 2200 nm
1363 2137 1460 2201 delam
1471 2140 1625 2220 provocari.
1654 2137 1708 2200 Sed
1726 2154 1767 2199 aa

647 2261 650 2268 -
693 2243 750 2290 nort
766 2223 810 2285 ito
826 2220 970 2304 aptatur,
991 2229 1023 2281 ut
1042 2222 1214 2282 contrariam
1225 2217 1346 2298 facilius
1361 2221 1483 2306 intelligi
1496 2217 1610 2305 poffit?
1632 2230 1766 2284 numento

687 2318 744 2393 per
759 2306 878 2368 mnrium
895 2302 998 2366 cultum
1016 2301 1158 2365 inuidiam
1175 2304 1279 2367 uitare.
1312 2302 1434 2388 Nescio,
1456 2305 1584 2389 quomodo
1601 2305 1647 2367 boc
1674 2321 1764 2365 conco

692 2406 776 2473 quere
784 2388 926 2534 potuerint
941 2384 1054 2449 erudiri.
1085 2433 1105 2467 „
1128 2382 1182 2449 Vis
1201 2385 1307 2470 itaque
1324 2406 1376 2451 me
1396 2385 1528 2452 dicere?
1551 2385 1761 2469 Cannegiete-

691 2489 782 2538 ruse
820 2514 830 2546 ,
853 2469 905 2550 qui
925 2465 967 2531 fic
981 2464 1160 2549 responset,
1185 2466 1262 2554 Cap.
1283 2467 1423 2554 XXX„
1444 2469 1547 2535 Suave
1566 2470 1631 2547 est,
1653 2472 1763 2553 jucun-

691 2602 712 2638 „
734 2554 842 2628 dum‚'
856 2550 948 2624 lene,
972 2568 1069 2631 quare
1086 2547 1182 2616 facile
1206 2552 1226 2616 ii
1258 2571 1498 2631 consonuerunt,
1523 2555 1577 2638 qui
1596 2550 1761 2619 stomacho

690 2683 712 2721 „
733 2654 799 2703 non
826 2631 976 2716 languido
994 2628 1133 2698 fuerunt.
1175 2633 1212 2700 In
1235 2633 1466 2704 construllione
1494 2638 1573 2704 naec
1591 2634 1659 2704 sunt
1684 2653 1760 2700 con·

689 2766 711 2804 „
731 2716 910 2803 jungenda:
938 2714 1083 2780 Invidiam
1097 2720 1183 2782 nimio
1200 2720 1296 2795 cultu,
1319 2720 1352 2783 id
1380 2719 1444 2797 est,
1468 2721 1558 2786 nimii
1578 2722 1679 2787 cultus
1697 2716 1763 2783 live

633 2819 641 2848 ³
689 2850 710 2887 „
732 2821 773 2868 ex
798 2800 897 2866 nimio
923 2797 1019 2894 cul-tu¹
1065 2796 1256 2948 (quanquam
1281 2818 1388 2867 autem
1415 2803 1514 2887 longo
1541 2804 1763 2889 exemplomm

689 2933 710 2970 ‚,
732 2884 878 2967 catalogo
899 2893 979 2947 tuen
1000 2881 1075 2947 l1cet
1103 2903 1177 2949 rane
1195 2884 1557 2961 construtlioncmmon
1575 2902 1678 2953 tamen
1695 2883 1763 2949 exi-

590 3013 593 3018 ·
688 3016 710 3053 „
730 2967 843 3043 stimo‚
866 2984 939 3031 eam
963 2962 1158 3049 perspectam
1182 2966 1273 3033 fuille
1302 2989 1343 3032 ex
1362 2970 1458 3053 plebe
1477 2970 1677 3037 Eruditorum
1701 2969 1761 3033 ho·

688 3098 710 3136 „
730 3052 898 3118 minibus..
924 3047 1011 3114 Nam
1038 3046 1070 3111 ὅ(
1096 3052 1165 3133 ejus
1191 3052 1349 3135 ignoratio
1368 3053 1451 3119 haud
1478 3055 1572 3120 dubie
1598 3055 1762 3138 corrupit,

687 3181 710 3219 „
731 3150 786 3201 aut
812 3135 873 3198 'am
895 3150 1097 3280 corrumpere
1115 3136 1223 3220 coepit
1245 3132 1369 3201 versum
1396 3139 1534 3220 priorem
1561 3138 1592 3202 in
1614 3136 1763 3203 Disticlro

688 3266 711 3302 „
731 3216 798 3284 XX
834 3214 905 3281 Vll.
924 3213 996 3281 Lib.
1036 3215 1175 3311 Quem
1196 3219 1388 3305 vulgatiores
1413 3222 1446 3289 in
1464 3222 1513 3287 his
1531 3221 1621 3287 terris
1639 3220 1762 3287 Editio·

688 3346 710 3383 „
731 3321 788 3369 nes
807 3301 872 3366 hoc
890 3299 988 3365 modo
1006 3299 1183 3369 exhibent:

769 3472 789 3506 „
812 3419 963 3485 Servom
985 3435 1032 3483 os
1056 3436 1239 3486 cussum
1259 3440 1346 3506 quam
1363 3423 1480 3489 tedolor
1496 3428 1723 3511 urgetinirurn

688 3532 820 3623 „Libri
842 3552 921 3597 vero
944 3530 1049 3618 scripti
1072 3537 1252 3624 complures
1271 3539 1331 3604 ita:

767 3696 787 3733 ῃ
811 3644 963 3710 Servorum
984 3662 1151 3715 cunnts.
1210 3681 1213 3689 ·

687 3821 709 3861 ,
729 3771 768 3839 In
785 3768 931 3864 leidensi
949 3768 1051 3836 altero
1068 3772 1114 3837 est
1134 3780 1226 3854 calpa.
1250 3776 1369 3845 Verum
1389 3781 1471 3859 hoc,
1491 3797 1634 3847 necnon
1653 3780 1686 3841 ob
1702 3775 1761 3839 cal·

688 3905 709 3942 „
729 3874 799 3943 pam
817 3851 1019 3919 substitutum
1042 3853 1089 3919 est
1106 3859 1147 3925 ab
1165 3860 1244 3936 illis,
1269 3864 1322 3943 qui
1341 3884 1456 3929 vocem
1485 3866 1565 3933 hanc
1590 3864 1621 3927 in
1649 3856 1760 3945 plurali

688 3986 710 4024 „
731 3938 874 4004 usrtatam
903 3938 1090 4021 negabant,
1123 3941 1309 4025 inquorum
1338 3967 1471 4015 numero
1493 3948 1539 4012 est
1563 3944 1758 4016 Diomedes,

688 4067 711 4105 „
732 4022 772 4085 de
797 4021 949 4087 Oratione
979 4018 1010 4083 &
1059 4024 1175 4090 artibus
1201 4030 1296 4109 ejus,
1330 4027 1429 4097 Libro
1447 4028 1473 4095 Ι.
1493 4033 1548 4097 ubi
1573 4032 1614 4096 de
1643 4025 1756 4111 specie.

593 4183 598 4190 ι
690 4152 710 4187 „
732 4101 852 4198 Verum
871 4103 998 4190 pluralis
1045 4101 1204 4174 efenditur
1232 4114 1384 4198 exemplo
1406 4114 1527 4181 Horatii
1554 4112 1585 4179 ὅ(
1612 4110 1756 4175 aliomm.

689 4232 711 4268 „
733 4183 770 4249 In
797 4186 852 4282 illo
877 4205 983 4253 autem
1003 4186 1114 4268 versu,
1137 4193 1212 4257 dolor
1237 4190 1343 4280 culpis,
1369 4199 1555 4264 vindicatur.
1572 4199 1632 4263 hoc
1651 4190 1756 4264 dicto,

689 4267 969 4442 sinitris:
990 4268 1457 4449 llrlalllllllllbll
1475 4299 1615 4437 ’llll
1639 4274 1753 4427 ullll.

1051 4439 1055 4444 .
1267 4408 1280 4443 ³
1446 4410 1460 4444 2

1624 4494 1644 4533 ι
1665 4444 1764 4521 dmm
