4500 5834
463 739 466 744 ’
533 757 912 840 caroumrm.
949 755 1464 868 barnilona-acaum.
1488 790 1564 875 423

487 886 1538 919 ..w—M

612 978 669 1044 'Eri
691 974 721 1041 eii
742 983 814 1066 γυνὴ
836 978 966 1063 λέγουσα
989 980 1078 1061 χρης“
1099 977 1292 1066 ὑπερβάλλων

608 1078 789 1140 ΦΟΒΟΣ.
825 1103 952 1129 --
993 1108 1118 1129 --
1157 1112 1285 1133 ...-

487 1201 542 1270 Art
565 1210 700 1292 proinde
722 1208 833 1277 Cato:

613 1328 768 1418 Coajugis,
789 1321 906 1409 irata'e,
928 1330 987 1416 poli
1007 1343 1041 1398 tu
1061 1333 1151 1398 verba
1174 1332 1284 1400 timere.

488 1465 526 1535 ln
541 1469 587 1534 ira
605 1483 722 1552 nempe
749 1466 898 1551 inpotens
917 1464 961 1534 sui
978 1465 1045 1546 est,
1063 1467 1183 1533 efficiet
1207 1465 1306 1546 nibi13
1328 1480 1379 1549 tu,
1403 1471 1425 1538 fi
1444 1474 1493 1539 vir
1508 1490 1562 1551 es,

487 1565 612 1616 tantum
627 1553 722 1614 tinere
739 1555 806 1614 noti.
831 1551 948 1632 Verba,
959 1569 1021 1619 uec
1037 1553 1230 1639 quidquam,
1242 1568 1369 1636 praeter
1386 1560 1473 1623 uerba
1489 1553 1561 1626 sunt

489 1634 625 1700 &arma
646 1632 821 1700 muliebria.
988 1651 993 1656 ·

610 1808 693 1825 -
711 1806 795 1825 --
819 1770 908 1841 Vana
930 1768 989 1857 tsi,
1005 1767 1069 1853 fine
1090 1774 1224 1854 viribus,
1249 1788 1338 1837 ina.

488 1908 552 1977 Sed
574 1930 638 1998 ego
655 1913 733 1989 tibi,
757 1910 866 1986 Nate,
888 1905 1094 1980 monstrabo,
1117 1907 1228 2001 quaudo
1246 1905 1290 1987 fit
1309 1909 1433 1973 timenda
1450 1914 1565 1984 mulien

472 1994 599 2088 ,Quum
617 1996 758 2061 maxime
775 1996 840 2075 iam
858 1989 1001 2054 tinnierit
1012 2033 1023 2066 ,
1034 1988 1235 2067 detonuerrt,
1254 1988 1465 2076 firlgurarerit
1479 1995 1564 2076 satis,

488 2098 587 2164 quum
607 2081 690 2143 virus
717 2093 815 2140 omne
832 2071 921 2137 suurn
939 2073 1005 2155 jam
1026 2090 1129 2164 paene
1149 2071 1320 2152 elluderit,
1343 2095 1441 2159 quum
1460 2076 1567 2146 lass'ata

487 2181 506 2227 a
527 2162 661 2227 rixando
682 2159 812 2224 demum
839 2156 871 2223 in
894 2172 1114 2224 funereus
1144 2155 1176 2222 dt
1203 2174 1434 2225 LAMENTls
1456 2162 1565 2246 persp.

487 2245 577 2328 gium
600 2241 784 2327 quaesierit,
801 2260 899 2325 quum
916 2239 957 2307 ad
977 2239 1060 2305 hanc
1078 2239 1162 2323 quasi
1176 2238 1294 2307 sacram
1310 2240 1493 2327 confugerit
1511 2267 1566 2313 an·

489 2345 619 2401 coram,
643 2325 694 2408 (in
712 2325 760 2389 his
778 2324 872 2389 armis
891 2342 986 2389 verae
1007 2322 1077 2389 sunt
1093 2322 1295 2403 Amazones,
1316 2325 1365 2390 bis
1383 2328 1491 2393 omnia
1508 2329 1567 2397 subi

489 2406 766 2491 subigunt,lls1am
782 2405 1007 2503 Europamque
1017 2452 1028 2485 ‚
1038 2404 1163 2490 Justino
1181 2406 1262 2473 teste
1273 2406 1345 2475 Lib.
1357 2407 1399 2474 ll.
1412 2407 1491 2495 Cap.
1504 2410 1580 2480 lv.-

487 2493 717 2578 perdomant):
742 2490 838 2557 Tunc
857 2492 916 2559 trbi
945 2490 1125 2556 timendum
1146 2488 1215 2569 est,
1239 2505 1315 2558 tuuc
1340 2493 1481 2560 maxime
1500 2497 1564 2562 vir·

488 2590 556 2640 tute
583 2595 663 2660 opus
690 2575 768 2651 erit,
793 2590 891 2654 tunc,
914 2571 938 2640 fi
960 2590 1075 2660 potes,
1097 2574 1202 2640 virum
1226 2589 1260 2639 te
1284 2573 1416 2660 praesta.
1459 2577 1560 2673 Quod

488 2661 575 2724 enim
592 2662 624 2723 vi
642 2680 707 2724 non
726 2657 881 2725 effecerat
902 2672 1034 2743 aperta,
1058 2657 1091 2722 id
1111 2655 1225 2724 fraude
1244 2656 1400 2743 perficiet.

531 2744 613 2810 Nam
638 2759 866 2807 uncnrmrs
888 2740 977 2807 struit
1006 2739 1151 2818 infidias,
1174 2760 1261 2827 quami
1276 2737 1397 2807 femina
1419 2761 1562 2816 aeonia.
1625 2791 1629 2798 =

488 2826 553 2893 Hic
574 2845 668 2891 verus
693 2823 830 2891 Disticbi
853 2822 956 2893 seusus
972 2821 1039 2901 est,
1067 2842 1164 2909 quem
1182 2824 1281 2892 miror
1296 2843 1338 2889 ex
1358 2840 1407 2890 tot
1425 2831 1564 2913 egregiis

488 2911 720 2995 Interpretibus
752 2910 906 2975 hactenus
944 2907 1109 2974 <retectum
1136 2922 1190 2973 aut
1213 2905 1325 3003 saltem
1355 2927 1564 2998 praeceptum

485 2995 547 3061 else
563 3016 581 3060 a
601 2995 739 3059 nemine,
763 2992 931 3059 Proximus
952 3006 1060 3058 tamen
1079 3006 1231 3059 antenus
1250 2990 1366 3059 Edrtor
1384 3008 1460 3061 tunc
1477 2996 1570 3063 forte

487 3082 516 3145 ei
533 3083 598 3162 jam
621 3078 952 3163 adpropinquaverat,
975 3095 1102 3160 quum:
1169 3074 1297 3162 uersum,
1322 3074 1444 3171 quaesta,
1465 3080 1567 3147 inter-

487 3182 603 3245 rogans
631 3162 663 3224 in
688 3162 827 3236 uiebat,
852 3159 971 3244 sequens
999 3159 1133 3225 unm?
1200 3179 1258 3225 aec
1281 3179 1367 3226 emm
1392 3165 1498 3245 praeci
1522 3183 1567 3229 ue

486 3243 641 3330 particula
665 3181 792 3306 (sensum
818 3240 911 3306 istum
937 3240 1110 3324 patefacit,
1133 3246 1183 3310 cui
1200 3245 1296 3330 plane
1320 3242 1459 3328 alioquin
1479 3184 1560 3314 θῆρε

489 3328 616 3403 nullus,
639 3323 729 3388 velut
749 3325 814 3406 jam
833 3323 919 3387 recle
937 3324 1071 3406 collegit
1089 3327 1139 3389 vir
1165 3327 1253 3394 idem
1271 3328 1392 3405 clarus,
1416 3329 1493 3397 dum
1513 3330 1565 3397 su.

489 3431 565 3500 pra,
585 3408 740 3483 innotis,
758 3406 799 3470 sic
816 3404 939 3472 scribit:
963 3452 983 3489 „
1005 3406 1068 3470 Sed
1088 3407 1166 3474 illud
1175 3412 1274 3479 etiam
1291 3412 1343 3478 hic
1354 3410 1461 3478 locum
1479 3416 1562 3483 tueri

529 3513 594 3561 non
648 3490 719 3555 test.
732 3489 862 3555 Scilicet
879 3504 915 3554 ut
930 3491 963 3552 τὸ
980 3508 1047 3553 narn
1058 3487 1204 3559 inserviat
1218 3511 1344 3563 tantum
1363 3495 1559 3565 tranfitioni:

487 3550 542 3647 sed
564 3579 595 3643 in
620 3578 683 3640 icat
706 3593 820 3639 revera
840 3571 986 3639 caussam.
1003 3655 1010 3670 ο
1026 3618 1047 3656 „
1069 3574 1175 3649 Docet,
1200 3577 1303 3663 iuquit
1328 3600 1445 3667 porro,
1469 3587 1560 3650 verbe

486 3715 507 3751 „
528 3682 581 3728 non
608 3660 660 3745 effe
683 3661 807 3723 timenda
822 3655 912 3807 ,affl
938 3658 1070 3721 lammae
1097 3674 1136 3720 aa
1161 3660 1299 3726 timendae
1319 3668 1387 3750 plus
1413 3669 1565 3753 minusue,

529 3764 614 3832 quam
628 3747 736 3819 onia,
758 3761 812 3806 aon
891 3744 897 3758 '
922 3742 952 3805 ”.
995 3738 1101 3805 immo
1128 3758 1208 3807 vero
1229 3742 1336 3824 addit,
1360 3769 1402 3815 eo
1417 3750 1448 3817 in
1467 3745 1556 3833 ipso,

487 3797 565 3897 dum
586 3830 717 3915 lacrymis
731 3826 845 3922 tribuit
861 3821 996 3906 infidias,
1018 3841 1100 3909 quae
1127 3822 1252 3912 semper
1270 3827 1339 3913 plus
1356 3830 1427 3899 sunt
1444 3835 1560 3901 timen.

488 3916 566 3992 dae,
593 3912 627 3977 vi
643 3930 755 3995 quavis
774 3906 961 3987 manifesta,
982 3927 1027 3974 ne
1052 3909 1158 3975 dicam
1184 3910 1342 3979 muliebri.
1366 3915 1463 3982 Nunc
1481 3936 1561 3987 vero
1601 3935 1604 3940 ·
1646 3965 1648 3972 -

413 4019 418 4026 ·
485 4017 587 4067 nexus
613 3993 661 4061 est
684 3993 896 4071 suavissimus,
920 3992 952 4057 dt
971 3992 1014 4059 fic
1041 3994 1176 4061 omnino
1202 3994 1299 4082 versus
1307 3996 1563 4085 Ῑιαιηάωφήοτί

487 4081 636 4172 respondet.
659 4094 749 4146 vim
770 4096 856 4144 uon
877 4094 978 4142 ussa
998 4094 1271 4160 armannum
1303 4078 1358 4148 sed
1380 4098 1563 4153 artata.

486 4183 584 4234 nam
614 4181 714 4229 ussa
746 4178 950 4227 autumnitani
980 4177 1201 4229 renonum.
1241 4164 1319 4232 Non
1350 4182 1483 4248 anam
1506 4166 1563 4236 sed

487 4266 714 4318 ausanius:
738 4244 817 4313 Non
836 4262 1003 4322 vunan,
1026 4246 1203 4330 quamlibet
1219 4248 1416 4335 aspera3sed
1433 4251 1558 4322 dolosas

488 4350 724 4406 uacaturus
746 4328 778 4394 dt
799 4345 1035 4396 iconarum
1057 4330 1147 4395 illum
1168 4331 1389 4400 miserabilem.

528 4417 556 4486 F
565 4435 711 4487 aaron
732 4414 852 4502 aliquid
869 4411 912 4482 fic
929 4411 995 4568 {gl}
1009 4410 1241 4588 sssrpplendum
1259 4417 1398 4488 scilicet:
1418 4420 1564 4588 &diffi-
