4500 5834
580 748 654 838 578
799 732 1117 816 HISTORIA'
1169 722 1453 813 CRITICA

624 956 688 1028 Ne
705 976 930 1028 mortuarum
946 954 1118 1039 Lectores,
1141 953 1245 1023 sensus
1262 955 1518 1044 srmpliciffimus
1541 962 1678 1033 hieerita

584 1040 716 1129 Sapiens
735 1045 866 1141 quidem
883 1060 987 1134 neque
1002 1041 1177 1137 admodum
1196 1039 1287 1106 dolet
1306 1043 1428 1129 ereptis
1445 1044 1536 1125 fibi,
1574 1068 1679 1135 neque

585 1127 704 1209 gaudet
723 1128 854 1194 mmium
869 1122 1027 1207 adqursrus
1047 1142 1192 1207 corporrs
1210 1123 1241 1188 dt
1258 1122 1406 1192 fortunae
1430 1128 1562 1209 bonis,
1585 1151 1678 1201 certe

579 1210 700 1297 quippe
713 1207 878 1294 aliquando
895 1207 1060 1291 perituris:
1071 1206 1172 1300 Quod
1189 1205 1212 1273 fi
1231 1223 1338 1275 tamen
1356 1212 1676 1285 inter-illudutrum·

583 1312 647 1380 que
667 1296 697 1359 ei
710 1292 745 1358 fit
761 1289 958 1373 optandum,
970 1291 1146 1357 condonari
1163 1290 1221 1377 ips1
1238 1294 1339 1377 magis
1357 1294 1424 1359 hoc
1441 1300 1577 1382 poterit
1594 1301 1675 1368 alte·

584 1397 667 1453 rum,
677 1388 789 1458 utpote
799 1370 830 1435 dt
841 1387 972 1437 naturae
989 1375 1248 1452 eonvenieutius,
1260 1374 1282 1442 sr
1292 1377 1432 1460 gaudeat
1444 1384 1567 1465 partis,
1577 1404 1674 1471 quam

583 1476 621 1528 ut
644 1456 749 1524 doleat
773 1455 1021 1536 inmoderatius,
1051 1457 1175 1525 amissas.
1215 1467 1306 1525 Haec
1326 1461 1416 1527 enim
1443 1466 1500 1531 vis
1527 1465 1578 1533 est
1598 1489 1672 1537 ver·

582 1544 716 1610 borum:
743 1538 825 1603 Suu
845 1556 991 1608 caune:
1014 1559 1186 1608 uorans.
1213 1541 1284 1627 Jam
1304 1559 1415 1610 cetera
1435 1546 1470 1614 in
1494 1550 1592 1618 versu

581 1622 715 1691 steriore
734 1624 855 1698 verba,
874 1637 914 1689 ut
932 1624 985 1691 hic
1001 1624 1077 1691 inde
1095 1623 1198 1693 sensus
1215 1624 1420 1712 exsurgeret,
1443 1634 1545 1701 nullo
1588 1637 1672 1703 'cri-

578 1707 669 1774 mine
693 1704 748 1770 vel
777 1707 823 1771 ita
846 1703 956 1774 efferri
985 1723 1163 1794 poterant:
1190 1712 1243 1776 titi
1259 1708 1331 1790 fic
1382 1716 1389 1729 '
1430 1728 1462 1779 at
1483 1718 1589 1785 uatem
1631 1736 1670 1789 ut

578 1788 802 1886 ,vulgaripuel
819 1787 882 1855 sac:
895 1787 926 1872 fi
942 1803 970 1858 te
985 1796 1130 1879 contingat
1143 1796 1260 1871 baum,
1284 1795 1332 1861 uti
1348 1815 1382 1861 m
1415 1798 1465 1865 uit
1486 1768 1669 1885 Ascensus,

577 1888 663 1941 mter
689 1870 825 1939 Cntrcoe
852 1889 949 1941 notae
978 1894 1044 1943 uon
1063 1876 1300 1962 vulgaris‚.vel
1319 1881 1420 1946 etiam
1441 1882 1508 1949 hoc
1526 1888 1664 1955 modo:

578 1962 633 2025 atti
659 1976 745 2042 quum
772 1961 927 2044 contingit,
949 1960 995 2025 uti
1016 1980 1150 2045 magnus
1168 1960 1325 2045 Scaliger,
1347 1982 1424 2030 cum
1439 1964 1550 2054 ipsoq
1615 1991 1661 2038 ue

578 2038 783 2136 adversario,
803 2038 964 2121 Planude,
985 2045 1040 2129 qui
1057 2058 1166 2123 certe,
1189 2043 1246 2112 nisa
1306 2064 1401 2114 uuru
1417 2047 1547 2147 legisset
1560 2052 1593 2119 ‘m
1611 2074 1675 2121 uo·

578 2124 724 2201 Codrce,
755 2120 828 2190 suae
853 2125 1044 2212 metaphrasi
1070 2147 1138 2197 non
1162 2128 1280 2196 adhibu
1316 2143 1351 2194 et
1376 2134 1573 2216 pauculam
1589 2140 1663 2208 bu.

579 2203 642 2277 Vel
657 2206 816 2292 denique,
841 2210 928 2294 quod
946 2212 1046 2297 magis
1061 2230 1222 2290 amarem,
1246 2215 1310 2281 hoc
1327 2216 1453 2283 modo:

700 2320 765 2388 Te
787 2339 884 2407 quum
908 2322 1069 2405 contingit
1090 2338 1273 2392 uantur.

579 2439 630 2512 Ita
652 2438 761 2516 enim,
785 2435 1057 2534 quemadmodum
1081 2430 1209 2529 semper
1236 2433 1329 2520 plura
1346 2434 1380 2503 in
1396 2434 1523 2507 recessu
1542 2440 1671 2539 habeut

581 2530 642 2596 hae
660 2524 835 2616 sententpae
845 2564 856 2598 ‚
878 2538 974 2616 quam
990 2517 1080 2601 quod
1097 2514 1325 2666 pnmagrpnte
1342 2520 1497 2605 adparet,
1527 2544 1599 2622 npn
1619 2527 1668 2593 dr.
1694 2601 1698 2608 Ι

579 2602 1673 2787 {52³‘sedis“tdsst‘tttqttpttttutstt'tssstt:

579 2777 674 2876 gnior
694 2773 854 2871 druorque
872 2767 974 2838 seusus
992 2790 1024 2836 m
1035 2788 1119 2837 voce
1136 2766 1346 2855 TutNeque
1363 2789 1450 2839 emm
1463 2771 1670 2858 fignrficaret

578 2861 615 2929 1d
641 2855 765 2929 solum,
783 2856 824 2920 Ἱι
840 2856 941 2919 babere
960 2869 1042 2938 opes,
1065 2872 1142 2949 quas
1160 2866 1269 2950 tamen
1290 2869 1383 2921 antea
1399 2868 1510 2941 ereptas
1527 2856 1599 2957 esse
1619 2862 1679 2930 di..

579 2943 698 3017 eebat3
723 2936 798 3016 sed,
820 2935 909 3034 quod
935 2936 1038 3003 multo
1057 2953 1154 3034 ettam
1169 2956 1272 3033 majus
1289 2934 1354 3017 est,
1375 2939 1475 3005 haute
1494 2941 1668 3027 nepsam

578 3026 655 3094 Sive
674 3024 739 3108 jam
758 3034 919 3117 emungat,
941 3036 976 3086 ut
992 3023 1093 3086 habeus
1111 3021 1260 3117 drvrtras2
1279 3019 1341 3087 five
1358 3028 1433 3087 cont·
1467 3034 1521 3097 at,
1546 3043 1667 3092 eaeut

577 3110 774 3195 eripiantur,
798 3124 874 3189 quas
894 3125 926 3169 m
945 3101 1103 3199 potestate
1130 3105 1296 3201 habuer1s3
1319 3104 1416 3170 ruodo
1454 3103 1523 3171 mul
1544 3102 1612 3173 Co
1619 3126 1668 3203 aa.

578 3205 778 3267 urucae,
800 3206 854 3253 ua
870 3203 905 3283 ut
922 3189 1022 3283 debeas
1039 3207 1049 3251 1
1073 3184 1105 3252 se
1116 3231 1128 3265 ‚
1149 3208 1182 3254 m
1201 3186 1358 3274 potestate
1375 3203 1447 3266 tua,
1467 3207 1581 3285 neque
1602 3194 1671 3287 ubi

580 3278 726 3363 Μ
752 3207 1147 3441 ttttttutttsuu
1166 3271 1671 3441 autbertum

576 3376 742 3434 moerore,
1319 3376 1329 3421 ε

703 3457 805 3525 Gaude
818 3458 927 3541 potius,
951 3473 1011 3533 τε,
1034 3476 1120 3543 quum
1137 3459 1276 3545 contingit
1283 3502 1296 3537 ,
1321 3471 1406 3517 uera
1422 3471 1509 3519 rat.

577 3570 758 3642 Enimvero
773 3589 837 3637 non
858 3571 911 3637 hic
926 3572 1047 3638 alienus
1064 3570 1128 3639 esse
1147 3578 1188 3642 ab
1205 3593 1247 3640 eo
1265 3575 1425 3660 Scn'ptore
1441 3570 1554 3642 sensus
1576 3577 1673 3646 aesti-

579 3652 864 3809 'vnffigustgtffi'ffl
879 3653 990 3744 supra,
1008 3654 1090 3724 Dist.
1111 3657 1144 3723 h.
1164 3656 1202 3725 L.
1221 3656 1261 3735 V,
1276 3660 1344 3746 J‘am
1364 3656 1518 3742 expreffis
1538 3662 1676 3735 dixerat

683 3878 765 3898 --
786 3844 882 3912 Diues
898 3846 998 3915 habet
1017 3863 1163 3930 nummum
1188 3850 1236 3919 St
1252 3806 1320 3920 uon
1339 3851 1437 3919 habet
1453 3849 1469 3919 1
1483 3872 1621 3924 asnar.
1680 3847 1685 3856 ’

577 3945 625 4018 Et
645 3952 757 4039 dignus
772 3954 883 4053 utique
901 3956 938 4021 iis
955 3954 1002 4022 est
1021 3958 1275 4038 acroamatibus,
1293 3976 1375 4045 quae
1392 3974 1410 4022 a
1428 3959 1591 4045 magistro
1602 3959 1673 4039 suo,

581 4034 756 4120 Epikteto,
782 4038 917 4135 dihgens
941 4040 1067 4107 auditor
1094 4056 1274 4128 acceperat.
1308 4040 1378 4108 Sint
1393 4045 1557 4129 exemplo
1575 4046 1671 4113 nobie

583 4115 686 4204 Capp.
718 4117 892 4189 Euchirrdii
917 4120 991 4190 XV.
1022 4122 1054 4190 dt
1080 4122 1174 4191 XIX.
1208 4144 1290 4211 quae
1313 4126 1367 4192 vel
1394 4120 1460 4192 sola
1476 4124 1668 4194 sufficient:

584 4202 735 4273 Martem
759 4207 806 4273 ἐπὶ
824 4205 941 4286 puteus<
968 4217 1066 4291 εἴπῃς,
1089 4206 1193 4277 'OTl
1215 4214 1470 4279 ἈΠΩΔΕΣΔ
1500 4227 1527 4279 Α
1542 4211 1647 4277 tro
1664 4255 1679 4284 ,

585 4285 657 4352 ἀλλ’
678 4289 720 4356 ὅτι
740 4290 890 4358 ἀπέδωκα.
935 4293 978 4358 To*
997 4290 1115 4361 mundior
1132 4295 1296 4368 ἀπέθανενς
1319 4291 1456 4365 dudda.
1500 4295 1549 4362 Τδ
1563 4306 1677 4383 χωρίου.

573 4368 739 4463 ’ἀφῃρέθηι
762 4377 859 4447 auteur
876 4382 926 4445 nat
945 4375 1027 4470 τοῦτο
1046 4375 1203 4468 ἀπιέόθης
1228 4380 1311 4452 ἀλλὰ
1328 4377 1415 4452 ute't
1434 4383 1450 4447 ὁ
1474 4380 1681 4554 ‹imperti-⁴
