4500 5834
661 690 735 763 262
804 704 808 709 ’
881 685 1199 768 HISTORIA
1251 637 1530 785 CRId'ICA

663 812 1691 873 ῊἊ--η

667 896 820 993 oojeeiari
839 898 973 967 solitum.
999 896 1097 993 Quod
1116 902 1276 995 nominis,
1294 905 1368 987 quia
1386 906 1528 978 Graecae
1547 919 1660 986 volunt
1678 917 1742 986 effe

668 997 828 1067 ongrnrs,
856 1000 1028 1067 utcumque
1057 981 1239 1054 sordrdroris
1255 985 1351 1074 plane
1380 990 1442 1059 effe
1469 994 1623 1081 sciamus,
1644 1022 1745 1069 omno

1653 1087 1743 1155 dixe.

751 1262 901 1348 hasrpiens
917 1260 1005 1342 esto,
1031 1281 1130 1348 quum
1145 1277 1272 1352 tempus
1293 1272 1454 1356 postulat,
1477 1291 1617 1347 autres:

819 1360 896 1439 Est,
920 1362 975 1428 ubi
996 1363 1171 1446 prudenter
1193 1365 1357 1453 defipuiffe
1379 1375 1482 1455 juvet.

735 1457 922 1525 'stultitiam
938 1457 1082 1527 fimulare
1098 1460 1193 1541 ioc0‚
1217 1462 1386 1533 Prudentia
1405 1469 1526 1536 summa
1545 1470 1609 1544 est:

819 1554 876 1622 Est
897 1554 949 1636 du,
972 1557 1026 1624 ubi
1047 1558 1179 1647 Sapiens
1200 1582 1266 1631 non
1285 1563 1412 1651 sapuiffe
1434 1568 1525 1634 velit.

759 2149 954 2228 'Luxuriam
966 2149 1100 2252 fugito,
1117 2152 1220 2247 fimul
1241 2146 1284 2227 d?
1307 2154 1417 2226 vitare
1435 2128 1587 2230 memento

717 2329 721 2336 ,
768 2252 901 2323 Crimen
918 2255 1087 2327 avaritiae
1108 2278 1121 2324 .·
1144 2251 1239 2329 Nam
1248 2246 1334 2342 fient
1351 2258 1519 2326 contraria
1529 2256 1659 2348 famae.

696 2589 751 2637 Pu
768 2603 785 2635 o
801 2597 819 2633 κ
836 2598 853 2630 Α
873 2598 893 2632 n
911 2599 927 2630 τ
952 2584 1016 2632 inter
1030 2582 1052 2635 se
1072 2587 1144 2636 luxus
1159 2589 1186 2637 δι
1254 2591 1352 2636 loru
1370 2587 1429 2638 dicit
1446 2592 1580 2649 Horatius,
1595 2589 1682 2639 ordine
1697 2589 1744 2644 hoe

663 2649 787 2702 avaritia:
815 2659 873 2715 nam
899 2645 1004 2695 alterum
1023 2646 1057 2696 est
1075 2648 1193 2712 profusas
1223 2645 1337 2707 inverso,
1356 2650 1435 2715 Epod.
1447 2654 1468 2699 1.
1487 2667 1557 2717 v.3r.
1804 2648 1807 2655 “

663 2704 893 2763 alteram-sordidi.
933 2710 1072 2774 Utrumque
1095 2711 1186 2761 vitium

664 2775 733 2835 juxta
757 2766 902 2838 fugiendum
921 2767 972 2824 est.
1008 2784 1093 2834 utpote
1117 2773 1187 2836 quod
1253 2770 1313 2821 Satis
1324 2772 1430 2837 fiap'erquo
1447 2790 1480 2820 ne
1497 2774 1619 2838 benignitas
1634 2788 1678 2821 au

664 2832 768 2887 foedam
791 2841 867 2905 parnt
891 2826 995 2880 famam.
1036 2835 1060 2881 Si
1082 2834 1187 2898 quidem

627 2893 637 2910 ⁸
662 2896 711 2964 qui
737 2894 844 2944 nimium
878 2891 941 2953 parci
971 2886 1049 2951 sunt,
1084 2896 1187 2946 audiunt

662 2961 870 3030 sepimine,
885 2969 930 3020 i.e
957 2973 1051 3019 cumini
1066 2969 1182 3030 sederes,
1252 2966 1317 3028 Qud
1331 2981 1389 3020 aue,
1411 2982 1491 3014 avarus
1509 2977 1535 3012 ut
1552 2968 1663 3021 (irem,
1679 2976 1739 3017 terra

665 3045 692 3097 ἃ
712 3038 782 3090 '32⁸
803 3032 907 3120 ξέμῇ,
927 3045 942 3093 ἰ.
967 3059 989 3093 e.
1009 3043 1067 3093 ficos
1083 3045 1183 3095 divide.
1363 3057 1476 3109 premam,

664 3108 812 3172 fimiuaquo.
852 3105 904 3173 Qui
931 3108 989 3155 luxu
1013 3103 1053 3154 sua
1079 3105 1186 3171 profun-
1355 3150 1359 3159 ,
1386 3151 1389 3158 ,

665 3169 746 3229 dunt,
767 3178 869 3231 nepotes
890 3167 1040 3216 &lurcones
1061 3168 1186 3231 appelian-
1323 3147 1450 3209 D¹s⁶¹nst¹⁴⁸
1472 3158 1512 3194 ¹¹⁴¹
1524 3146 1638 3209 perdam,
1659 3156 1686 3192 Β
1700 3157 1741 3193 ⁸0-

666 3244 716 3282 ωε.
924 3233 1014 3280 Em
1026 3245 1103 3279 uus.
1363 3239 1407 3291 pos.

553 3348 555 3351 ⁴
663 3344 1723 3486 uuu2uauiuau2zasu›auuoumrmaeaaauuua

705 3562 741 3631 N
751 3585 804 3631 on
838 3582 915 3631 nrc
938 3563 1066 3649 proprie
1090 3561 1180 3628 locus
1205 3560 1272 3641 est,
1294 3582 1359 3649 quo
1376 3560 1429 3625 vel
1450 3562 1482 3629 in
1506 3562 1666 3627 Luxinium
1690 3558 1739 3622 in·

663 3649 801 3717 vehatur
819 3648 956 3725 aanor,
981 3646 1034 3711 vel
1053 3647 1088 3712 in
1103 3649 1294 3723 Avaritiam,
1314 3645 1448 3732 praestat
1466 3646 1552 3711 enim
1569 3644 1600 3708 id
1619 3642 1687 3707 aliis
1707 3639 1742 3709 in

665 3732 746 3799 locis
766 3732 811 3802 sat
831 3732 959 3809 multis,
984 3731 1097 3816 quibus
1115 3731 1227 3796 ordine
1244 3730 1422 3797 enarrandis
1441 3730 1515 3797 alibi
1534 3746 1665 3813 operam
1684 3725 1740 3809 da-⁴

664 3815 781 3886 bimus.
807 3816 888 3895 Sed,
913 3834 993 3900 quae
1010 3815 1111 3880 hocce
1135 3811 1306 3879 Distichon
1323 3815 1363 3878 ab
1383 3813 1473 3890 aliis,
1497 3826 1551 3879 aut
1567 3808 1655 3876 forte
1672 3810 1740 3893 jam

663 3899 778 3977 diuis,
803 3918 856 3967 aut
875 3900 978 3966 adhuc
997 3897 1158 3973 dicendis,
1182 3897 1369 3962 omnimode
1396 3896 1548 3983 dispescat
1565 3895 1737 3979 disjungat-

644 4003 728 4129 -gue
746 3999 841 4064 nota,
865 4005 902 4052 ea
922 3985 953 4050 in
973 3984 1065 4050 unica
1084 3979 1173 4046 sedet
1190 4000 1291 4045 voce:
1315 3999 1464 4047 aaaron.
1492 3981 1584 4075 Quae
1601 3979 1658 4045 tibi
1689 3978 1736 4042 in·

693 4064 774 4143 icat,
797 4086 835 4152 ut
864 4088 965 4154 aeque
992 4064 1095 4148 fugias
1117 4080 1284 4149 utramque
1312 4064 1394 4132 hanc
1417 4066 1513 4135 animi
1542 4064 1666 4130 labem:
1690 4062 1735 4125 ita

664 4146 731 4215 scil.
751 4165 856 4217 earum
877 4153 1007 4218 alteram
1024 4148 1177 4226 vitando,
1200 4168 1241 4213 ne
1267 4149 1299 4214 in
1313 4150 1494 4236 oppofitam
1520 4147 1639 4220 incidas
1655 4143 1734 4209 alte-

661 4251 741 4299 ram.
767 4232 1045 4385 ssuemadmodum
1064 4235 1161 4299 etiam
1181 4233 1354 4318 proverbio
1382 4235 1515 4311 dicitur,
1540 4231 1628 4322 quod
1647 4226 1734 4294 suum

661 4312 742 4381 fecit
804 4322 982 4385 erentianus
1008 4318 1093 4398 ille,
1134 4315 1415 4406 iuPhormione‚
1444 4318 1541 4392 senex
1568 4310 1733 4399 Demipho
1835 4320 1837 4323 ·

658 4397 1012 4493 (minum

1328 2873 1433 2919 Diuum,
1466 2874 1531 2917 Haud
1545 2885 1669 2935 paravero.

1656 4477 1741 4553 lua
