4500 5834
574 746 982 888 CATO'NIANA.
1032 791 1212 908 ιΙΛΒιιΙΙ.
1237 794 1444 875 Dismlv.
1489 826 1578 885 τοι·

525 929 1555 962 *iffi-*w

493 1015 613 1093 hodie,
637 1013 719 1100 proh
747 1010 847 1078 dellm
874 1022 907 1073 at
928 1026 969 1072 ue
997 1003 1166 1070 hominum
1186 1000 1302 1094 fidem!
1330 1008 1385 1075 ubi
1403 1006 1473 1078 fere
1492 1012 1565 1099 plue

494 1097 546 1163 est
566 1096 806 1173 contentionis,
836 1091 894 1188 ubi
907 1026 1020 1184 (litium
1041 1086 1140 1173 plus,
1170 1102 1267 1172 atque
1288 1107 1403 1157 rramm
1422 1130 1444 1172 ,ι
1465 1115 1577 1181 quam·

493 1182 506 1246 i
530 1178 577 1246 sos
594 1183 678 1247 inter
696 1199 776 1256 eos,
808 1194 862 1260 qur
886 1172 1104 1256 Erudrtronem
1130 1184 1273 1248 tantum,
1303 1194 1341 1239 ac
1362 1195 1404 1241 ne
1421 1178 1479 1244 vix'
1494 1199 1564 1266 qtu·

519 1283 591 1342 em,
614 1285 633 1329 a
650 1264 761 1327 limine
782 1251 979 1326 salutarunt?
1012 1251 1139 1352 Quique
1160 1253 1224 1339 ipsa
1246 1255 1363 1349 deinde
1382 1264 1566 1329 contentio-

493 1367 570 1415 num
591 1350 793 1428 rixarumque
817 1343 933 1418 turba,
963 1338 1064 1406 veluti
1086 1335 1323 1423 tempestatibus
1330 1383 1341 1417 ‚
1365 1361 1383 1407 a
1412 1343 1486 1411 Veri
1504 1362 1566 1415 tra·
1632 1407 1643 1432 ,

491 1431 572 1501 mite
589 1430 692 1512 magis
707 1428 868 1512 magisque
884 1423 1049 1521 semperin
1065 1422 1173 1517 omnia
1188 1420 1247 1515 alia
1267 1423 1470 1508 abripiuntur.
1489 1428 1568 1495 Uti··
1653 1469 1656 1473 -

491 1534 569 1580 nam
598 1515 619 1578 ii
638 1509 783 1578 homines
799 1509 852 1574 vel
879 1505 1035 1575 nescrrent
1063 1524 1199 1570 ommno
1217 1504 1355 1602 litterae,
1376 1512 1431 1574 vel
1448 1514 1564 1579 recita-

489 1611 566 1663 rent
594 1616 701 1664 earum
728 1593 858 1663 subinde
883 1592 1041 1669 nomina,
1075 1606 1117 1653 ex
1143 1587 1343 1656 Athenodorr
1369 1592 1581 1681 praescripto·

489 1678 704 1767 Philosophi!
738 1677 818 1755 Cui,
849 1690 885 1742 ut
916 1671 1104 1741 Plutarchus
1131 1670 1231 1737 refert
1257 1672 1291 1737 in
1318 1671 1561 1768 Apophthegm.
1622 1752 1631 1767 ⁵

491 1762 665 1829 Romanor.
693 1762 737 1828 ob
766 1757 962 1825 senectutem
986 1754 1163 1837 flagitanti,
1187 1772 1222 1819 ut
1250 1753 1305 1821 fibi
1332 1754 1442 1824 lrceret
1460 1764 1564 1831 redire

492 1846 654 1925 domum,
686 1843 842 1929 Augustus
869 1843 935 1923 jarn
961 1835 1168 1903 concesserat.
1202 1835 1244 1900 At
1268 1857 1344 1903 cum
1367 1840 1423 1907 ille
1441 1840 1566 1915 Caesari

492 1930 616 1996 dixisset
627 1931 705 1997 Vale
716 1973 726 2004 ,
738 1927 853 1990 volens
871 1919 1001 2003 aliquod
1019 1914 1212 2012 l'hilosopho
1227 1916 1359 2011 dignum
1375 1943 1565 1996 monumen.
1643 1969 1646 1979 .

493 2028 562 2079 turn
577 2014 661 2100 apud
680 2013 770 2076 illum
793 2007 976 2088 deponere,
998 1999 1115 2083 adjecit
1135 2019 1144 2063 t
1176 2004 1297 2081 caeor,
1319 2025 1383 2071 cum
1392 2006 1488 2088 fueris
1504 2014 1566 2077 ira·

489 2109 553 2174 tres,
575 2119 609 2161 ne
646 2099 695 2159 nid
715 2092 823 2153 <literis
836 2086 1002 2165 fecerisve,
1019 2085 1187 2169 priusquam
1253 2106 1384 2155 aetorum
1406 2091 1568 2161 litterarum

490 2118 665 2265 quattuor&
683 2174 792 2254 viginti
808 2171 922 2234 nomina
938 2167 1014 2252 opud
1029 2179 1056 2231 te
1072 2172 1236 2234 nominatim
1249 2171 1425 2257 recensueris.
1448 2172 1563 2248 Caesar
1632 2187 1646 2226 ¹

490 2279 561 2326 tum
578 2260 708 2342 quidem
727 2250 911 2337 Philosophi
930 2250 1094 2317 dexteram
1114 2251 1299 2335 amplexus:
1312 2256 1562 2347 Adhze,inquit,

490 2356 520 2407 re
536 2342 678 2425 praefante
703 2338 773 2403 mili
799 2352 866 2418 epus
892 2330 948 2415 ess,
972 2349 1142 2420 totumque
1171 2340 1268 2401 etiam
1297 2357 1417 2408 annum
1433 2344 1518 2427 apud
1531 2345 1564 2413 se

491 2424 647 2501 detinuit,
671 2423 778 2488 dicens
795 2418 873 2486 illud
892 2416 1088 2491 Graecorum
1104 2420 1332 2503 proverbium:

705 2592 786 2614 --
808 2562 867 2627 'Erl
891 2563 940 2625 trel
963 2558 1046 2646 σιγῆς
1072 2535 1220 2626 ἀκίνδυνόν
1244 2565 1339 2648 γέρας,Ι

713 2665 829 2734 Silentii
838 2663 909 2750 sant
933 2678 995 2732 turo
1011 2664 1069 2749 fedi
1083 2667 1222 2754 ponzia.
1246 2671 1268 2713 ⁸*

591 2861 720 2936 Iratus,
758 2857 800 2923 de
825 2876 861 2924 re
888 2858 1008 2924 incerta
1035 2863 1232 2930 contendere
1255 2865 1344 2936 noli:
1374 2937 1376 2941 ,
1429 2937 1449 2947 ,,
1485 2938 1487 2942 ,
1611 2914 1615 2928 ·

677 2957 804 3024 Scilicet
826 2977 965 3025 errorem
989 2957 1031 3025 sic
1051 2965 1153 3047 magis
1176 2965 1221 3032 ira
1242 2962 1348 3037 fovet.
1523 2956 1530 2964 ⁸
1573 2953 1581 2968 ⁰

588 3058 715 3145 inpedit
733 3060 777 3125 ira
791 3061 952 3136 animum,
976 3079 1018 3126 ne
1034 3062 1130 3147 poffit
1147 3085 1281 3133 cernere
1299 3068 1430 3140 Verum.
1518 3055 1531 3063 ⁸

679 3162 765 3247 Ergo
783 3163 945 3240 animum,
968 3180 1005 3229 ut
1020 3166 1114 3251 poffis
1133 3168 1218 3236 recta
1235 3172 1367 3253 videre,
1391 3195 1478 3263 rege.
1581 3167 1587 3186 ”

834 3343 885 3407 Ne
900 3342 1023 3427 soutieas
1041 3352 1146 3434 jomois
1163 3368 1220 3438 par
1241 3360 1328 3424 colere

724 3437 853 3534 Quique
867 3438 930 3518 fdt'l
945 3463 998 3529 que
1013 3465 1043 3510 ee
1051 3447 1111 3527 soit
1121 3494 1132 3528 ,
1140 3451 1268 3535 ster-tout
1285 3460 1334 3524 s’il
1350 3454 1389 3545 esl
1407 3459 1542 3530 demeum
1580 3453 1585 3529 J

724 3539 775 3611 Lo
792 3538 902 3621 Raison
918 3547 1079 3610 vainemenr
1097 3550 1220 3632 r'offriro
1229 3555 1268 3639 so
1284 3560 1419 3640 sortiere,

835 3641 962 3727 Lorrqzee
984 3644 1013 3709 lo
1027 3643 1135 3731 puffiotr
1156 3661 1184 3713 re
1197 3651 1323 3730 sermero
1343 3662 1381 3727 les
1403 3682 1486 3748 yeme.

524 3902 540 3931 ¹*
557 3898 612 3969 vid.
630 3899 719 3950 Erasrn.
738 3905 842 3967 Adugia,
862 3906 889 3954 in
906 3908 991 3967 Festina
1005 3908 1076 3962 lente,
1095 3910 1120 3958 &
1131 3912 1222 3981 Junii,
1236 3910 1279 3961 sub
1298 3915 1392 3966 titulis:
1411 3926 1450 3966 Ire
1462 3938 1503 3967 nen
1513 3931 1569 3990 per-¹

479 3959 546 4024 fedic
560 3973 663 4029 raetorum
681 3965 750 4034 audit.
767 3968 814 4014 &z
840 3973 878 4015 Ira
895 3971 986 4033 impedit
1002 3973 1111 4020 animum.
1142 3978 1280 4032 Ceterum,
1301 3975 1369 4038 plura
1391 3980 1453 4028 inter
1471 3981 1565 4035 aliast·

486 4026 586 4089 pienter
602 4021 682 4078 dista,
698 4038 772 4095 ettam
785 4029 839 4076 Bias
855 4030 917 4087 ille,
938 4036 993 4080 Vll.
1006 4034 1121 4081 Graeciae
1135 4034 1276 4098 sapientum
1295 4036 1406 4099 profedo
1422 4056 1472 4091 non
1488 4045 1565 4096 mini·

489 4098 563 4154 ωας..
575 4089 630 4128 Bono
645 4086 730 4156 corrfilto¹
746 4088 784 4132 due
797 4094 895 4138 maxim
907 4094 1016 4137 contraria
1032 4091 1068 4154 effi
1083 4094 1179 4144 dicebat
1196 4114 1202 4144 ε
1222 4099 1390 4157 festinationem
1405 4096 1455 4150 scil.
1472 4107 1562 4154 Μη-

485 4147 597 4200 uideam
610 4148 679 4198 Hom
693 4164 752 4197 enm
764 4150 895 4212 iracundas,
910 4169 960 4205 eune
975 4168 1038 4208 tarra
1050 4154 1075 4217 se
1086 4156 1157 4221 ipsus»
1165 4159 1214 4221 fit,
1228 4176 1306 4209 emur
1324 4162 1354 4222 est
1371 4163 1431 4211 emas
1444 4165 1533 4228 mfle'e.

971 4512 1012 4578 N
1028 4526 1050 4596 5
1449 4507 1571 4584 XLV.
1637 4550 1640 4556 ·
