4500 5834
578 779 653 858 442
836 755 1155 832 nrsronrr
1200 759 1469 838 currrca

580 977 665 1052 Nam
690 942 743 1048 liic
759 981 792 1047 in
817 988 903 1043 textu
923 972 973 1075 ‚fic
1000 975 1119 1055 edidit,
1146 976 1214 1064 ipso
1240 975 1452 1078 referentez)
1473 983 1533 1049 Nos
1550 983 1659 1068 iraqu-

580 1069 617 1127 ex
635 1058 764 1152 wstigie‘s
785 1063 882 1128 baum
906 1058 1039 1125 labrorum
1066 1072 1151 1147 mque
1177 1082 1213 1129 ex
1229 1063 1354 1149 espreffa
1370 1063 1484 1131 eume
1499 1061 1649 1146 Leidenfis

482 1209 485 1215 .
579 1150 675 1234 tertii:

710 1260 820 1345 Dilige
837 1277 904 1325 non
925 1279 1024 1346 aequa
1044 1281 1135 1328 caros
1155 1264 1276 1349 pietate
1294 1279 1460 1351 parentes:

580 1399 739 1466 Genuinum
754 1396 853 1481 pond
879 1394 961 1459 dubio
984 1396 1118 1464 dedimus.
1150 1395 1221 1462 Nos
1237 1418 1336 1476 vero,
1358 1413 1393 1462 ut
1420 1396 1562 1478 ingenue
1581 1409 1648 1458 rem

578 1482 753 1555 fateamur,
775 1479 816 1542 ab
843 1474 903 1541 isto
922 1478 1027 1545 dubio
1052 1495 1116 1545 tam
1141 1481 1252 1567 procul
1279 1483 1423 1547 nondum
1441 1475 1647 1553 reeessimus,

577 1582 681 1648 neque
701 1578 765 1627 tarn
785 1559 880 1627 facile
897 1561 931 1627 id
950 1580 1067 1650 exuere
1092 1580 1145 1630 aut
1163 1567 1297 1649 rejicere
1316 1587 1334 1631 a
1361 1564 1452 1630 nobis
1472 1558 1646 1647 poffruuus.

579 1645 730 1730 Namque
745 1644 786 1709 ad
803 1642 910 1709 restim
928 1641 998 1712 fere
1013 1648 1077 1729 J‘arn
1093 1666 1143 1713 res
1162 1649 1363 1732 redit,euJ’us
1380 1647 1532 1711 nimirum
1552 1642 1647 1708 cardo

577 1731 683 1800 omnis
702 1730 735 1795 in
756 1727 846 1795 unius
869 1724 997 1798 Codicis
1025 1728 1186 1797 [eidenfis
1205 1733 1311 1810 tertii,
1334 1731 1460 1813 reliquis
1487 1726 1645 1793 contradi·

577 1813 755 1890 centibus„
769 1808 954 1878 auctoritate
972 1813 1120 1880 versatur.
1146 1813 1210 1881 Sed
1229 1836 1304 1882 num
1325 1817 1349 1880 is
1369 1812 1493 1897 semper
1513 1808 1646 1876 omnino

577 1898 682 1966 omnis
699 1913 832 1981 expers,
856 1894 909 1960 vel
926 1895 967 1961 ab
995 1895 1062 1982 ipso
1080 1895 1136 1963 suo
1153 1913 1409 1982 propugnatore,
1433 1899 1587 1961 inventus
1603 1889 1647 1958 est

577 1980 718 2051 erroris?
745 1978 910 2075 Quantum
934 1980 1020 2045 euim
1037 1978 1104 2057 est,
1125 1982 1166 2046 de
1184 1980 1322 2067 vestigiis
1341 1999 1450 2045 eorum
1471 1978 1645 2052 librorum,

576 2066 632 2152 qui
650 2083 704 2129 nan
719 2081 752 2127 ue
788 2062 916 2129 anobis
934 2063 1168 2141 exhibuerunt,
1189 2066 1222 2130 id
1238 2085 1316 2132 vero
1331 2060 1512 2130 universum
1533 2063 1565 2127 in
1583 2078 1644 2125 me·

493 2204 498 2214 .
577 2169 612 2219 ra
626 2148 719 2215 srtum
736 2165 755 2210 e
800 2143 992 2243 eonjedtura.
1025 2147 1067 2214 Et
1086 2149 1152 2233 pari
1171 2149 1241 2231 jure
1259 2148 1419 2232 modoque
1439 2166 1457 2209 e
1482 2164 1504 2210 0
1521 2155 1645 2229 quoque

579 2252 623 2299 ex
647 2233 657 2297 i
682 2228 740 2297 ssus
757 2226 909 2330 Codicis,
933 2249 1031 2317 quern
1057 2229 1215 2317 appellat,
1239 2229 1419 2299 Turicensrs
1440 2164 1558 2294 eicere
1575 2245 1643 2311 pos-

577 2315 644 2385 sem
659 2251 797 2381 iseram
819 2333 828 2378 :
853 2314 1026 2403 Diligenter
1051 2335 1127 2381 caros
1154 2334 1243 2402 egea,
1267 2335 1348 2401 quae
1365 2326 1504 2400 quatuor,
1528 2327 1565 2378 ut
1584 2306 1646 2395 ipse

577 2401 642 2478 ait,
664 2401 755 2463 undu
780 2400 811 2460 in
834 2396 936 2484 rasura
961 2398 1148 2483 legebantur3
1179 2417 1253 2464 ante
1278 2398 1414 2465 rasuram
1440 2393 1581 2471 factam,
1604 2394 1647 2460 ibi

576 2481 729 2569 scriptum
748 2475 858 2543 fuiffe:
872 2481 997 2572 Diligite
1011 2500 1088 2546 catos
1106 2502 1192 2569 equa.
1213 2482 1377 2578 Qudquid
1394 2495 1502 2546 tamen
1522 2476 1647 2555 eofiat,

580 2580 634 2638 aut
658 2560 776 2629 fadum
804 2555 895 2627 fuisse
924 2564 1142 2649 concipiatur,
1164 2582 1251 2632 certe
1278 2566 1356 2632 tanti
1384 2581 1449 2630 non
1477 2577 1546 2630 erat
1568 2561 1649 2626 haec

578 2644 811 2735 qualiscumque
832 2643 963 2712 demum
979 2646 1165 2726 audoritas,
1189 2664 1224 2715 ut
1243 2666 1373 2736 propter
1400 2666 1470 2712 eam
1487 2647 1527 2712 ab
1546 2645 1646 2711 omni-

579 2734 640 2801 bus
654 2728 803 2813 reliquis,
826 2746 952 2814 praeter
968 2749 1086 2808 unum,
1098 2730 1272 2799 Codicibus
1291 2734 1450 2817 editisque
1468 2729 1556 2797 libris
1574 2742 1648 2795 tan·

573 2825 646 2881 'eam
672 2810 876 2877 seceffionem
902 2810 1106 2891 faceremus,
1150 2817 1245 2900 inque
1273 2816 1374 2901 ipsum
1400 2828 1523 2881 textum
1550 2810 1648 2895 plane

465 2893 479 2904 ”
577 2894 768 2965 contrariam
785 2911 823 2957 ac
840 2894 992 2964 diversam
1009 2918 1026 2963 a
1045 2914 1155 2964 mente
1171 2898 1304 2966 sudoris
1323 2898 1418 2974 nostri
1434 2898 1648 2991 reciperemus

579 2978 762 3047 lectionem.
799 2973 880 3068 Quis
898 2981 982 3044 eninr
1000 2978 1093 3047 nobis
1110 3000 1261 3067 umquam
1340 2981 1492 3056 suadebit,
1514 2975 1642 3062 Diony·

578 3061 656 3133 fium
673 3061 780 3136 hunc,
791 3060 974 3127 Catonianis
994 3064 1155 3142 moribus,
1175 3067 1258 3132 adeo
1275 3003 1340 3146 iii}
1364 3062 1533 3147 monitique
1550 3057 1616 3125 sui:

701 3189 805 3279 Sperne
819 3191 996 3278 repngueerdo
1012 3195 1066 3258 tibi
1079 3204 1112 3259 tre
1128 3199 1282 3263 carnotus
1298 3200 1371 3285 effe,

576 3340 670 3444 fuiffe
695 3345 817 3444 prorsus
840 3344 997 3443 oblitum,
1030 3362 1085 3424 ut,
1108 3350 1225 3417 eodem
1253 3351 1361 3439 spiritu
1385 3350 1562 3438 versuque,
1583 3368 1647 3436 quo

576 3429 693 3508 nobs,
715 3449 771 3515 qur
797 3428 920 3514 aequali
942 3449 1011 3512 Jure
1042 3449 1274 3500 rennuens
1303 3436 1432 3515 essent,
1461 3457 1496 3501 ae
1573 3454 1649 3500 caras

578 3508 643 3578 effe
660 3529 838 3601 oportere,
869 3513 993 3608 duobus
1018 3513 1098 3592 illis,
1135 3518 1267 3602 quibus,
1290 3540 1355 3587 non
1382 3518 1446 3588 fine
1464 3456 1599 3587 eriiace
1613 3516 1647 3581 vi

574 3592 743 3682 ,sensusque
760 3598 971 3676 abundantia,
992 3595 1062 3665 usus
1079 3596 1125 3666 est
1146 3604 1408 3686 cognominibus:
1431 3620 1571 3669 canos
1592 3617 1647 3666 rn-

576 3696 764 3758 nunnus,
788 3681 963 3767 praecipit,
988 3683 1082 3748 tertia
1101 3685 1200 3750 modo
1220 3689 1395 3754 accedente
1418 3707 1523 3766 voce,
1546 3684 1580 3753 id
1598 3685 1646 3749 iu·

574 3759 733 3851 fringeres
750 3763 986 3862 destmeretque
1005 3764 1133 3832 rursusi
1211 3769 1250 3836 asr
1273 3772 1325 3857 qui
1342 3762 1496 3838 dixiffet:
1520 3767 1648 3837 Habeas

573 3855 679 3934 'aeque
697 3868 793 3930 amos,
813 3849 867 3934 qui
892 3849 950 3916 tibi
958 3892 970 3925 ,
992 3845 1059 3926 fiii,
1082 3869 1181 3935 aequa
1195 3854 1204 3917 i
1220 3860 1289 3936 jure
1310 3866 1439 3941 parentes
1453 3851 1549 3934 sunt3
1570 3849 1645 3928 sed,

577 3951 620 4000 ne
636 3951 737 4018 erres:
762 3935 849 4019 dilige
866 3951 922 3997 eos
938 3949 991 3997 neu
1006 3934 1120 4016 aequati
1131 3937 1249 4019 pictum.
1272 3936 1390 4005 Nonne
1408 3936 1591 4005 coarmata
1606 3952 1644 3997 α

579 4014 684 4094 effer,
713 4037 808 4101 qnam
832 4031 884 4111 per
901 4014 1026 4078 accidens
1054 4035 1172 4084 vocare
1196 4036 1304 4089 amant
1329 4019 1474 4107 Logici?
1500 4014 1640 4109 Fomtis

579 4108 687 4166 tamen
711 4100 744 4165 id
772 4101 936 4167 obtineret
954 4095 1187 4180 Adversarius,
1230 4103 1285 4171 nifi
1309 4104 1425 4172 iterum
1450 4103 1513 4171 alia
1536 4098 1640 4166 statim

579 4183 695 4247 mentis
724 4182 884 4252 induenda
905 4178 1034 4259 facies,
1066 4203 1122 4268 per
1152 4183 1311 4270 sequentis
1340 4205 1487 4271 tenorem
1513 4177 1643 4259 versus,

578 4259 697 4329 auctori
720 4262 943 4334 foret'‚nossro.
968 4261 998 4329 Is
1015 4266 1101 4332 enim
1120 4268 1375 4347 versus,fiCato
1393 4267 1504 4358 scripit
1525 4280 1645 4332 antea:

581 4344 686 4431 Aequa
707 4350 1105 4453 ditigepietateutppuque
1133 4372 1264 4435 eorum,
1287 4358 1395 4444 utqui
1415 4353 1471 4424 tibi
1486 4364 1644 4501 etnim
