4500 5834
587 762 665 837 240
740 777 743 784 ·
817 725 1127 805 HISTORIA
1160 724 1432 804 carrica

1425 854 1631 870 Ἣ

589 1007 610 1044 „
633 958 665 1020 in
687 951 803 1035 Sargo.
833 943 930 1009 Tarra
948 940 1104 1035 sulphure,
1135 960 1232 1005 currus
1250 963 1319 1009 uarro
1346 943 1377 1009 ἀ
1402 966 1483 1032 quae
1510 964 1649 1034 praetet-

586 1088 608 1124 „
629 1058 667 1103 ea
690 1044 799 1100 notata
823 1025 892 1091 sunt
920 1043 938 1088 a
967 1022 1122 1087 Palmerro
1147 1024 1179 1090 in
1202 1022 1397 1171 spicilegiis,
1426 1032 1501 1095 vide
1534 1032 1651 1096 Facem

578 1113 609 1211 j,
631 1118 803 1188 criticam,
822 1101 920 1172 Tom.
941 1104 996 1170 IV.
1015 1126 1086 1189 pag.
1108 1107 1180 1193 653.
1241 1110 1414 1177 echnerum
1438 1114 1469 1178 in
1493 1113 1652 1178 Helleno-

587 1253 608 1291 „
629 1204 711 1270 lexia
728 1214 798 1282 pag.
819 1192 870 1278 bb.
904 1177 1147 1283 Necoiailetum
1170 1192 1226 1273 qui
1254 1192 1369 1259 dixerit
1396 1196 1568 1262 ablativum
1590 1214 1652 1279 pro

586 1338 608 1375 „
651 1282 773 1348 enitivo
788 1271 925 1357 usurpari
940 1268 1129 1355 ‘Dionysro,
1153 1294 1225 1338 cum
1247 1278 1326 1341 dicit
1347 1282 1487 1343 invidiam
1504 1281 1574 1345 luxu
1590 1295 1652 1362 pro

586 1420 607 1457 „
628 1306 719 1433 ἕως.
742 1359 828 1426 Nam
849 1356 962 1420 crebro
979 1354 1010 1418 hi
1030 1352 1114 1419 casus
1134 1356 1216 1420 inter
1235 1356 1267 1422 se
1285 1377 1540 1437 commutantur,
1561 1365 1652 1444 cuius

585 1502 606 1539 ‚,
627 1448 674 1514 rei
692 1444 830 1511 rationes
853 1433 971 1503 mult'ae
989 1435 1020 1500 ἀ
1039 1438 1144 1502 variae
1167 1438 1292 1522 poffunt
1322 1444 1410 1522 dari,
1431 1441 1653 1530 praesertimst

584 1579 606 1619 ‚
627 1529 770 1611 Linguae
796 1520 939 1587 Graecae
959 1519 1125 1586 idioma&
1143 1519 1392 1591 constructiones
1422 1529 1453 1593 in
1474 1545 1577 1612 partes
1593 1546 1652 1590 vo-

516 1674 518 1679 .
584 1665 606 1703 „
628 1611 759 1682 caveris.
800 1604 864 1671 Sed
889 1605 983 1670 mitto
1008 1604 1090 1679 hoc,
1113 1623 1209 1671 nemo
1234 1607 1376 1685 dubitat,
1402 1613 1477 1692 quin
1505 1610 1653 1693 pleraque

584 1748 605 1785 „
630 1696 722 1771 loca,
765 1708 823 1756 uae
842 1685 1061 1774 proposuimus
1080 1689 1201 1765 modo,
1226 1688 1329 1755 casum
1347 1690 1518 1775 secundum
1539 1712 1652 1776 aeque,

583 1830 606 1869 „
626 1796 720 1860 atque
739 1710 862 1862 tqextum
881 1771 1060 1838 admittant.
1081 1768 1154 1863 Nec
1173 1770 1251 1840 libet
1270 1774 1330 1841 alia
1347 1774 1654 1864 constiparezunum

583 1914 606 1953 „
625 1860 728 1951 prodo
745 1877 787 1924 ex
805 1854 941 1939 antiquis
954 1852 1179 1919 marmoribus:

841 1969 1401 2054 Conroaacosaoa

586 2154 607 2191 „
628 2100 783 2167 Gruterus
802 2097 834 2162 in
858 2094 1031 2188 Thesauro¹
1046 2096 1190 2182 inscript.
1211 2118 1250 2182 pa
1275 2148 1282 2161 .
1301 2096 1380 2163 DC.
1405 2113 1451 2166 12.
1475 2116 1521 2185 13.
1553 2102 1655 2167 Salvi·

587 2235 609 2274 „
633 2182 748 2251 nius&
767 2178 904 2256 Gorius,
922 2180 953 2245 in
975 2178 1235 2275 lnicriptionibus
1251 2117 1412 2257 {trunam
1433 2199 1520 2266 parte
1538 2182 1562 2247 Ι.
1581 2205 1654 2270 pag.

587 2317 610 2357 „
695 2318 702 2331 .
729 2268 853 2347 Corporis
873 2259 993 2347 custodes
1009 2263 1040 2326 in
1060 2263 1147 2331 libris
1165 2264 1301 2348 vulgatis
1317 2263 1500 2331 scribuntur.

632 2283 774 2418 iiiec&
799 2346 889 2433 plura
908 2346 987 2422 aiio,
1013 2361 1048 2410 ut
1068 2348 1099 2411 iu
1121 2348 1224 2411 notis:
1251 2350 1325 2413 Aere
1345 2349 1511 2430 Scriptura,
1538 2351 1656 2437 Signum

588 2454 653 2503 uere
671 2433 731 2498 otc.
753 2428 801 2497 Cl.
821 2426 1069 2511 Cannegietems
1088 2433 1292 2496 coacervavit
1317 2452 1411 2496 exem
1437 2432 1485 2509 la,
1510 2434 1655 2502 advertus

589 2510 897 2606 hominem‚sacculi
914 2512 1074 2606 quondam
1091 2510 1134 2578 sui
1153 2451 1433 2591 miraculumffeci
1442 2522 1588 2601 praecoci
1607 2520 1654 2584 ni·

588 2603 689 2668 mium
712 2599 862 2676 ingenio,
886 2594 1115 2659 Boxhomrum.
1150 2594 1275 2688 Quibus
1296 2615 1401 2663 tamen
1421 2621 1485 2665 nou
1505 2601 1653 2668 obstanti-

500 2765 502 2769 *
588 2686 647 2753 bus
664 2681 763 2763 magis
781 2676 920 2744 arrisrss'et
938 2677 1107 2773 aliquando
1127 2677 1258 2748 Dostiff.
1278 2678 1460 2761 Withofio,
1487 2686 1539 2752 vel
1559 2686 1593 2754 ut
1612 2686 1655 2752 ie-

474 2771 480 2781 '
588 2779 719 2854 geretur
732 2759 838 2828 versus
855 2758 936 2826 Dist.
948 2781 1053 2847 prior:

742 2896 889 2964 Invidiam
907 2897 1037 2963 modico
1055 2898 1133 2963 cultu
1154 2900 1248 2962 vitare
1264 2910 1405 2964 memento.

589 3014 651 3082 Vel
663 3012 723 3080 fic:
744 3014 892 3080 Inut'diam
912 3017 999 3079 nimio
1018 3015 1095 3078 coitu
1118 3013 1239 3081 irritare
1261 3029 1387 3080 caveto.

590 3138 689 3237 Quia,
702 3136 832 3232 inquit,
848 3136 892 3217 stc
902 3135 1000 3235 sensus
1018 3140 1135 3235 mergit
1153 3142 1282 3221 optimus.
1297 3139 1395 3235 ¹Nune
1410 3137 1521 3203 minime
1545 3135 1655 3200 dubito·

588 3237 725 3309 mus,art
742 3220 829 3285 rdem
841 3233 930 3305 ‚qum
945 3218 1056 3307 prorsus
1073 3240 1180 3306 exiguo
1199 3234 1350 3287 mocorono
1358 3220 1402 3303 fit
1417 3218 1638 3287 emendandum:

743 3356 903 3423 Invidiam
921 3360 1003 3423 ηἰυιὶἰ
1020 3358 1110 3423 cultus
1125 3358 1227 3424 vitare
1245 3376 1429 3438 memento,
1453 3358 1515 3426 &e

588 3490 610 3553 i.
627 3506 653 3551 e.
677 3486 820 3551 Invidiam
837 3504 874 3550 ex
899 3489 986 3551 nimio
1006 3489 1084 3551 cultu
1106 3501 1216 3563 ortam,
1242 3492 1311 3565 oei,
1336 3511 1420 3577 quan
1446 3494 1550 3556 nimius
1572 3491 1661 3553 cultus

580 3570 678 3656 samm
698 3570 786 3634 trabit
807 3573 976 3645 excitatae;
1020 3573 1118 3654 qrrolis
1132 3568 1229 3656 sensus
1256 3576 1342 3639 nullis
1359 3573 1486 3657 fidiculis
1515 3595 1551 3640 ex
1570 3576 1663 3637 altero

588 3654 643 3718 itta
664 3652 781 3735 uulgari
804 3651 841 3721 δ’
862 3665 993 3734 cornrpto
1013 3652 1126 3718 ietiione
1151 3660 1311 3742 extorqueri
1331 3652 1664 3740 potell,snloo1„otini

514 3765 517 3769 ⁴
582 3734 719 3823 sermonis
743 3735 862 3811 indole,
894 3738 1034 3820 quidquid
1054 3740 1212 3819 interpretes
1235 3742 1395 3806 moliantur.
1437 3743 1475 3806 Et
1491 3737 1536 3819 fic
1554 3739 1664 3804 Antio

499 3885 504 3898 ,
584 3818 673 3906 fimo!
696 3836 714 3881 a
737 3817 890 3885 Boubornii
910 3816 1081 3902 iniquifflmo
1106 3818 1220 3904 censura
1239 3827 1325 3893 etiam
1344 3826 1389 3888 bic
1409 3825 1568 3898 liberatur,
1592 3824 1664 3908 qui,

591 3915 625 3968 ut
643 3900 699 3987 ipse
719 3898 852 3981 santur,
875 3894 998 3983 nesiimio
1019 3901 1055 3972 ἃ
1075 3903 1131 3965 loco
1153 3924 1262 3969 nouere
1281 3911 1449 3986 conabatur,
1468 3920 1565 3971 contra
1588 3921 1665 3968 omne

588 3985 639 4071 jus
649 3985 701 4063 fus
765 4029 775 4061 ,
798 3983 962 4067 Scriptorem
972 3980 1033 4067 fibi
1049 3986 1134 4067 plone
1155 3990 1345 4072 incognitum,
1364 4005 1415 4066 ut,
1434 3993 1483 4075 qui
1501 4009 1601 4054 reoero
1618 3990 1663 4050 in-

595 4080 639 4132 ter
656 4003 804 4152 unffi-arabs
826 4071 859 4133 ob
880 4065 1047 4149 dignitatem
1072 4069 1139 4132 olim
1168 4068 1335 4157 acquisitam
1350 4070 1452 4159 fuiffet
1472 4075 1595 4145 merito,
1625 4067 1664 4131 od

593 4150 756 4234 proletarios
780 4149 816 4221 Β
836 4160 924 4228 capite
945 4148 1032 4233 censos
1053 4151 1251 4218 detruderetur.
1287 4157 1333 4223 Sit
1346 4159 1416 4309 p'kam
1432 4174 1528 4241 penes
1547 4149 1663 4217 Letio-

599 4248 668 4296 rem
680 4232 840 4310 judicium.
863 4231 926 4297 Sed
936 4249 1151 4317 nos‚praeter
1159 4256 1285 4309 morem
1302 4261 1344 4310 no

618 4316 622 4325 .
1373 4237 1600 4318 rum,ni1nium
1610 4235 1666 4301 diu

601 4312 777 4386 litterarum
792 4316 934 4402 apicibus
953 4314 1150 4390 maaefimus.

1611 4402 1672 4482 Aa
