4500 5834
523 782 702 907 ‚CATO
717 778 945 863 NIANA.
985 787 1110 866 Lmen
1128 789 1477 877 1.D1sr.xxx1x.
1507 812 1581 907 1631

520 907 1582 950 ΜἫ

503 1010 696 1097 temperiem
710 1008 845 1095 justam,
870 1027 965 1076 aurea
986 1008 1126 1077 obtineri
1150 1013 1248 1079 docet
1275 1017 1519 1100 mediocritate,
1543 1018 1576 1091 ἀ
1656 1066 1659 1071 -

504 1094 559 1163 ubi
586 1108 757 1161 contentus
779 1093 877 1160 suetis
899 1089 1143 1190 praesentibus,
1174 1097 1291 1180 quibus
1314 1116 1430 1182 utare,
1453 1108 1571 1187 rebus,
1708 1151 1711 1159 -

501 1176 567 1244 fine
586 1177 718 1273 aliarum
736 1191 908 1263 earumque
925 1190 1116 1244 incertarum
1134 1179 1318 1266 cupiditate.
1351 1184 1452 1282 Quod
1466 1188 1569 1258 innuit
1641 1253 1647 1264 ,

500 1257 574 1330 [ab.
592 1258 653 1328 111.
672 1258 755 1327 Drst.
773 1260 850 1328 XII.
869 1282 902 1327 ν.
921 1275 951 1328 2.
1524 1317 1528 1324 .

622 1371 683 1441 Fae
699 1375 788 1439 vivas
804 1384 943 1443 contentus
958 1392 1008 1455 eo,
1029 1374 1105 1460 quod
1121 1385 1244 1459 tempora
1253 1380 1399 1465 pretim

499 1485 544 1561 Et
564 1488 720 1568 toton,
742 1486 832 1555 Libri
850 1486 914 1555 IV.

626 1603 775 1672 Commta
790 1616 910 1671 nature
925 1603 1002 1669 aelio
1020 1606 1075 1671 tibi
1088 1617 1206 1693 ternpore
1223 1607 1360 1691 eamr,

622 1703 656 1772 Si
667 1700 761 1785 Μὴ
772 1713 911 1770 emimus
925 1719 955 1767 eo
963 1743 976 1779 ,
997 1703 1072 1787 queri
1084 1700 1210 1789 postulet
1225 1704 1302 1793 esras.

503 1836 594 1909 Idem
611 1839 747 1926 proinde
772 1837 828 1925 ipfi
848 1836 952 1905 sensus
970 1836 1001 1904 ἀ
1017 1841 1050 1907 in
1066 1839 1150 1917 hoe,
1170 1844 1258 1925 quod
1278 1844 1402 1929 praesto
1418 1846 1485 1928 est,
1505 1851 1566 1922 Di.

503 1920 626 2002 sticho,
646 1942 709 1989 nec
725 1922 807 1989 ullus
825 1921 902 1988 alius
919 1920 982 1986 eiie
999 1921 1116 2007 potest.
1149 1921 1259 1990 Docet
1283 1945 1323 1991 ue
1345 1946 1381 1994 re
1398 1949 1474 1997 vera
1491 1934 1571 2008 illud

502 2009 603 2097 ipsum
620 2008 688 2084 his,
712 2007 799 2091 quod
816 2004 847 2068 ἀ
864 2003 1133 2087 eloquentiiirmus
1157 2004 1229 2091 post
1244 1944 1411 2078 fflatonem
1428 2012 1569 2087 Philoso-

501 2093 584 2181 phut
604 2088 656 2159 M.
673 2088 810 2167 Cicern,
833 2088 870 2152 iis
887 2088 1013 2151 verbis:
1038 2088 1201 2155 Contentum
1218 2093 1271 2178 ιφ
1287 2097 1368 2161 tebras
1377 2096 1460 2182 suis,
1478 2107 1572 2170 m,
1700 2133 1702 2142 .

501 2193 564 2244 rme
580 2174 653 2262 strat
676 2171 892 2259 ceniffimeaqroe
910 2172 1043 2238 aivitiae.
1083 2171 1240 2258 Idemque
1262 2176 1363 2244 misus
1388 2178 1574 2255 aliist

501 2260 692 2347 melleum,
722 2256 897 2351 inquient,
927 2254 1074 2335 homines,
1114 2276 1199 2342 quam
1224 2277 1360 2346 magam
1386 2264 1513 2353 margar
1530 2266 1573 2349 fir

501 2358 791 2411 raasmrorrrr
812 2359 832 2405 r.
853 2356 882 2403 e.
900 2337 1167 2425 enimussuesarte
1182 2354 1334 2409 canumet.
1358 2344 1445 2413 illud
1460 2361 1571 2426 tamen

502 2425 536 2491 ἀ
555 2444 597 2491 ex
613 2423 786 2492 verborum
804 2436 958 2488 contextu
976 2422 1186 2509 probandum.

548 2508 763 2587 Nimirum
785 2505 854 2573 sunt
877 2506 1046 2584 homines,
1069 2525 1131 2571 nee
1158 2504 1224 2573 ulla
1250 2503 1423 2578 defuerunt
1444 2527 1571 2598 aetate,

501 2593 557 2680 qui
574 2609 643 2660 tum
662 2591 821 2668 maxime,
852 2607 929 2656 uum
950 2588 1084 2675 cupiunt
1100 2589 1241 2656 maxime
1256 2589 1447 2680 studentque
1466 2600 1572 2667 omni.

504 2678 564 2746 bus
600 2673 755 2773 ditescere
781 2609 929 2752 vinias,
963 2690 1039 2770 prae
1062 2672 1169 2770 nimia,
1187 2667 1341 2742 aviditate
1367 2677 1572 2753 incidentia

505 2778 687 2848 pauperiem
698 2804 708 2835 ‚
720 2777 785 2825 non
801 2754 937 2822 multum
945 2800 956 2833 ,
968 2773 1000 2820 m
1017 2776 1054 2822 ea
1071 2754 1298 2834 re,d1flimiles
1316 2762 1388 2831 erni
1405 2761 1456 2831 isti
1472 2762 1569 2834 Aeso.

505 2846 600 2934 pieo‚
623 2844 734 2927 cujus,
755 2857 792 2910 ut
810 2840 895 2907 bene
911 2838 1070 2906 Phaedrus
1089 2837 1154 2906 ait:

652 3015 761 3033 --
780 3016 906 3032 —-
925 2979 1038 3065 decepte
1054 2977 1183 3045 aviditer

654 3080 696 3144 Et
715 3098 796 3165 quem
812 3082 922 3145 uariat
941 3096 1007 3156 ere,
1029 3072 1139 3162 derarfit
1160 3078 1272 3156 cibem,

655 3179 720 3249 Nec
737 3199 817 3267 quem
830 3184 940 3263 petebat
956 3178 1043 3262 adeo,
1058 3180 1151 3262 potuit
1165 3177 1321 3263 adtingere.

504 3320 653 3417 Quorum
674 3316 707 3380 in
725 3313 857 3398 gratiam
884 3314 915 3377 ἀ
935 3310 1110 3378 miserabile
1138 3311 1216 3377 illud
1238 3311 1346 3377 locum
1372 3301 1498 3380 invenit
1514 3317 1570 3384 be·
1647 3369 1654 3396 ,

505 3403 660 3470 neficium
671 3442 682 3475 ,
706 3397 844 3460 Bmorram
860 3395 957 3479 taffo,
977 3395 1074 3457 hodie
1093 3410 1221 3472 tamen,
1248 3410 1380 3482 propter
1397 3394 1576 3470 nefandum

483 3488 575 3569 ,eius
609 3478 859 3559 sceleratumque
892 3475 1050 3550 abusum,
1088 3476 1175 3542 idem
1204 3477 1424 3546 detestandum
1447 3484 1570 3564 magis,

505 3584 604 3650 quam
635 3557 867 3634 miserandum,
889 3556 920 3619 ἀ
954 3554 1113 3620 maleficio
1129 3557 1220 3651 saepe
1242 3564 1372 3648 propius
1395 3566 1575 3646 accedens,

505 3668 602 3734 quam
620 3641 791 3714 beneficio.
817 3638 983 3723 Ejusmodi
1003 3656 1081 3720 ergo
1104 3637 1248 3704 hommes
1271 3646 1347 3713 dum
1366 3646 1423 3726 iis,
1445 3664 1522 3733 quas
1539 3649 1574 3717 in
1688 3701 1697 3728 a

500 3728 665 3822 ,potestate
681 3728 878 3801 habuerunt,
897 3742 966 3819 raon
981 3720 1125 3786 contenti
1144 3719 1281 3795 divitiis,
1302 3732 1368 3795 auri
1385 3732 1576 3815 argentique

506 3833 639 3885 acervos
657 3810 735 3878 alios
755 3808 846 3896 super
864 3806 942 3883 ahos
961 3803 1179 3879 accumulare,
1202 3803 1435 3901 perieratque
1458 3811 1575 3897 nefas,

505 3901 669 3975 laborant,
693 3895 768 3962 dum
793 3895 860 3972 ejus
880 3891 925 3958 rei
942 3890 1040 3974 gratia
1058 3886 1166 3954 infima
1190 3893 1324 3957 micent
1340 3891 1489 3976 summis,
1507 3893 1574 3966 saei
1688 3945 1692 3954 .

504 3986 576 4072 pius
609 3997 716 4046 tamen
742 3978 877 4044 multum
908 3972 1033 4059 trepide
1058 3972 1224 4038 movendo
1250 3973 1329 4039 nihil
1353 3989 1570 4063 proritaverit,

506 4087 606 4155 quum
631 4063 685 4148 spe
711 4064 838 4144 majoris
864 4059 943 4125 lucri
970 4053 1093 4131 illesti3
1126 4056 1290 4121 interdum·
1314 4053 1402 4124 &ea
1423 4076 1571 4145 tentent,
1607 4059 1614 4078 ⁸

505 4170 587 4237 quae
613 4146 683 4213 fieri
706 4142 853 4229 efficique
882 4141 972 4208 nullo
1000 4140 1121 4216 mode,
1147 4140 1235 4206 nullo
1263 4139 1395 4219 labore,
1463 4137 1569 4231 ss'unt3

505 4233 665 4302 interdum
682 4229 780 4293 etiam
807 4227 961 4300 nimium,
983 4242 1077 4307 quam
1096 4241 1153 4308 par
1172 4220 1238 4301 est,
1263 4221 1420 4293 fidenter}
1440 4243 1574 4297 ortunae

505 4317 645 4393 lufibus,
668 4314 822 4379 incertam
839 4308 927 4395 spem
944 4308 1048 4393 pretio
1067 4320 1178 4373 emunt
1195 4305 1267 4391 plus
1286 4325 1382 4402 quam
1396 4311 1572 4394 mediocri,

505 4420 568 4490 quo
584 4392 724 4478 fleur&
740 4396 804 4464 hoc
822 4390 853 4459 ἃ
870 4390 1115 4540 illem,leadem
1142 4403 1264 4455 temere
1284 4387 1367 4473 Jasta
1380 4394 1466 4473 alea,
1490 4409 1572 4461 non-

1036 4497 1054 4547 2
1454 4496 1568 4556 .an-
