<?xml version="1.0" encoding="UTF-8"?>
<!DOCTYPE html PUBLIC "-//W3C//DTD XHTML 1.0 Transitional//EN"
    "http://www.w3.org/TR/xhtml1/DTD/xhtml1-transitional.dtd">
<html xmlns="http://www.w3.org/1999/xhtml" xml:lang="en" lang="en">
 <head>
  <title>
</title>
<meta http-equiv="Content-Type" content="text/html;charset=utf-8" />
  <meta name='ocr-system' content='tesseract 3.04.00' />
  <meta name='ocr-capabilities' content='ocr_page ocr_carea ocr_par ocr_line ocrx_word'/>
</head>
<body>
  <div class='ocr_page' id='page_1' title='image "./historiacritica00catogoog_0407.png"; bbox 0 0 4500 5834; ppageno 0'>
   <div class='ocr_carea' id='block_1_1' title="bbox 1201 784 3266 908">
    <p class='ocr_par' dir='ltr' id='par_1_1' title="bbox 1201 784 3266 908">
     <span class='ocr_line' id='line_1_1' title="bbox 1201 784 3266 908; baseline -0.006 -30"><span class='ocrx_word' id='word_1_1' title='bbox 1201 795 1270 878; x_wconf 87' lang='lat' dir='ltr'><strong>C</strong></span> <span class='ocrx_word' id='word_1_2' title='bbox 1289 794 1447 876; x_wconf 78' lang='lat' dir='ltr'>AT</span> <span class='ocrx_word' id='word_1_3' title='bbox 1471 795 1544 871; x_wconf 92' lang='grc' dir='ltr'>Ο</span> <span class='ocrx_word' id='word_1_4' title='bbox 1569 793 1647 870; x_wconf 90' lang='lat' dir='ltr'>N</span> <span class='ocrx_word' id='word_1_5' title='bbox 1668 791 1697 867; x_wconf 90' lang='lat'>1</span> <span class='ocrx_word' id='word_1_6' title='bbox 1716 789 1783 864; x_wconf 77' lang='lat' dir='ltr'>A</span> <span class='ocrx_word' id='word_1_7' title='bbox 1808 789 1887 867; x_wconf 92' lang='lat' dir='ltr'>N</span> <span class='ocrx_word' id='word_1_8' title='bbox 1910 793 2001 865; x_wconf 84' lang='lat' dir='ltr'>A.</span> <span class='ocrx_word' id='word_1_9' title='bbox 2056 784 2458 863; x_wconf 64' lang='lat' dir='ltr'>Lmen-111.</span> <span class='ocrx_word' id='word_1_10' title='bbox 2479 784 2834 863; x_wconf 66' lang='lat' dir='ltr'>Dlsrxcu.</span> <span class='ocrx_word' id='word_1_11' title='bbox 2857 789 3077 868; x_wconf 85' lang='lat' dir='ltr'>XIV.</span> <span class='ocrx_word' id='word_1_12' title='bbox 3127 817 3266 908; x_wconf 80' lang='lat'>393</span> 
     </span>
    </p>
   </div>
   <div class='ocr_carea' id='block_1_2' title="bbox 1146 919 3254 960">
    <p class='ocr_par' dir='ltr' id='par_1_2' title="bbox 1146 919 3254 960">
     <span class='ocr_line' id='line_1_2' title="bbox 1146 919 3254 960; baseline 0.002 -3"><span class='ocrx_word' id='word_1_13' title='bbox 1146 919 3254 960; x_wconf 41' lang='lat' dir='ltr'>Wss———ss———ss———n</span> 
     </span>
    </p>
   </div>
   <div class='ocr_carea' id='block_1_3' title="bbox 1139 1010 3397 2265">
    <p class='ocr_par' dir='ltr' id='par_1_3' title="bbox 1159 1010 3397 1184">
     <span class='ocr_line' id='line_1_3' title="bbox 1160 1010 3397 1106; baseline -0.004 -17"><span class='ocrx_word' id='word_1_14' title='bbox 1160 1021 1428 1106; x_wconf 84' lang='lat' dir='ltr'>Reliqua</span> <span class='ocrx_word' id='word_1_15' title='bbox 1459 1017 1637 1104; x_wconf 87' lang='lat' dir='ltr'>supra</span> <span class='ocrx_word' id='word_1_16' title='bbox 1670 1017 1802 1099; x_wconf 79' lang='lat' dir='ltr'>iam</span> <span class='ocrx_word' id='word_1_17' title='bbox 1837 1012 1976 1081; x_wconf 88' lang='lat' dir='ltr'>sunt</span> <span class='ocrx_word' id='word_1_18' title='bbox 2012 1013 2259 1080; x_wconf 83' lang='lat' dir='ltr'>laudata</span> <span class='ocrx_word' id='word_1_19' title='bbox 2278 1048 2300 1089; x_wconf 86' lang='lat'><strong>,</strong></span> <span class='ocrx_word' id='word_1_20' title='bbox 2322 1010 2759 1081; x_wconf 82' lang='lat' dir='ltr'>veliniisdem</span> <span class='ocrx_word' id='word_1_21' title='bbox 2779 1059 2803 1092; x_wconf 89' lang='lat'>,</span> <span class='ocrx_word' id='word_1_22' title='bbox 2823 1034 2984 1101; x_wconf 88' lang='lat' dir='ltr'>quos</span> <span class='ocrx_word' id='word_1_23' title='bbox 3003 1014 3278 1084; x_wconf 71' lang='lat' dir='ltr'>diximuc</span> <span class='ocrx_word' id='word_1_24' title='bbox 3391 1026 3397 1034; x_wconf 82' lang='lat'>&#39;</span> 
     </span>
     <span class='ocr_line' id='line_1_4' title="bbox 1159 1099 2141 1184; baseline -0.009 -13"><span class='ocrx_word' id='word_1_25' title='bbox 1159 1106 1356 1172; x_wconf 88' lang='lat' dir='ltr'>modo</span> <span class='ocrx_word' id='word_1_26' title='bbox 1377 1150 1397 1181; x_wconf 91' lang='lat'>,</span> <span class='ocrx_word' id='word_1_27' title='bbox 1444 1100 1714 1168; x_wconf 87' lang='lat' dir='ltr'>flosculis</span> <span class='ocrx_word' id='word_1_28' title='bbox 1745 1099 2141 1184; x_wconf 83' lang='lat' dir='ltr'><strong>reperiunda.</strong></span> 
     </span>
    </p>

    <p class='ocr_par' dir='ltr' id='par_1_4' title="bbox 1139 1176 3295 2024">
     <span class='ocr_line' id='line_1_5' title="bbox 1239 1176 3281 1264; baseline -0.004 -12"><span class='ocrx_word' id='word_1_29' title='bbox 1239 1187 1858 1252; x_wconf 73' lang='lat' dir='ltr'>PmLosoans</span> <span class='ocrx_word' id='word_1_30' title='bbox 1899 1200 2062 1246; x_wconf 89' lang='lat' dir='ltr'>vero</span> <span class='ocrx_word' id='word_1_31' title='bbox 2101 1178 2314 1247; x_wconf 87' lang='lat' dir='ltr'>noster</span> <span class='ocrx_word' id='word_1_32' title='bbox 2367 1176 2695 1264; x_wconf 68' lang='lat' dir='ltr'>Epictetus</span> <span class='ocrx_word' id='word_1_33' title='bbox 2731 1177 2793 1243; x_wconf 87' lang='lat'>&amp;</span> <span class='ocrx_word' id='word_1_34' title='bbox 2830 1179 2959 1264; x_wconf 87' lang='lat' dir='ltr'>ipse</span> <span class='ocrx_word' id='word_1_35' title='bbox 2989 1204 3123 1252; x_wconf 90' lang='lat' dir='ltr'>non</span> <span class='ocrx_word' id='word_1_36' title='bbox 3162 1186 3281 1253; x_wconf 90' lang='lat' dir='ltr'>du.</span> 
     </span>
     <span class='ocr_line' id='line_1_6' title="bbox 1157 1260 3277 1357; baseline 0 -21"><span class='ocrx_word' id='word_1_37' title='bbox 1157 1272 1360 1346; x_wconf 88' lang='lat' dir='ltr'>bitat,</span> <span class='ocrx_word' id='word_1_38' title='bbox 1419 1269 1499 1333; x_wconf 86' lang='lat' dir='ltr'>ad</span> <span class='ocrx_word' id='word_1_39' title='bbox 1549 1264 1847 1350; x_wconf 86' lang='lat' dir='ltr'>exempla</span> <span class='ocrx_word' id='word_1_40' title='bbox 1899 1264 2200 1341; x_wconf 85' lang='lat' dir='ltr'>aliorum,</span> <span class='ocrx_word' id='word_1_41' title='bbox 2246 1260 2378 1357; x_wconf 42' lang='lat' dir='ltr'>sed·</span> <span class='ocrx_word' id='word_1_42' title='bbox 2412 1261 2908 1356; x_wconf 73' lang='lat' dir='ltr'>graviffimorum</span> <span class='ocrx_word' id='word_1_43' title='bbox 2962 1269 3277 1347; x_wconf 86' lang='lat' dir='ltr'>virorum,</span> 
     </span>
     <span class='ocr_line' id='line_1_7' title="bbox 1158 1343 3282 1443; baseline -0.001 -24"><span class='ocrx_word' id='word_1_44' title='bbox 1158 1372 1512 1443; x_wconf 83' lang='lat' dir='ltr'>provocare</span> <span class='ocrx_word' id='word_1_45' title='bbox 1548 1368 1747 1432; x_wconf 86' lang='lat' dir='ltr'>eaque</span> <span class='ocrx_word' id='word_1_46' title='bbox 1780 1349 2228 1421; x_wconf 82' lang='lat' dir='ltr'>commendare</span> <span class='ocrx_word' id='word_1_47' title='bbox 2256 1344 2598 1431; x_wconf 81' lang='lat' dir='ltr'>saplentlae</span> <span class='ocrx_word' id='word_1_48' title='bbox 2632 1343 2916 1417; x_wconf 83' lang='lat' dir='ltr'>alumnis.</span> <span class='ocrx_word' id='word_1_49' title='bbox 2962 1348 3111 1416; x_wconf 91' lang='lat' dir='ltr'>Hoc</span> <span class='ocrx_word' id='word_1_50' title='bbox 3149 1353 3282 1436; x_wconf 86' lang='lat' dir='ltr'>agit</span> 
     </span>
     <span class='ocr_line' id='line_1_8' title="bbox 1165 1425 3281 1521; baseline -0.008 -19"><span class='ocrx_word' id='word_1_51' title='bbox 1165 1436 1325 1521; x_wconf 88' lang='lat' dir='ltr'>Cap.</span> <span class='ocrx_word' id='word_1_52' title='bbox 1347 1433 1458 1506; x_wconf 84' lang='lat' dir='ltr'>LI.</span> <span class='ocrx_word' id='word_1_53' title='bbox 1500 1447 1745 1520; x_wconf 86' lang='lat' dir='ltr'>practer</span> <span class='ocrx_word' id='word_1_54' title='bbox 1778 1451 1896 1512; x_wconf 88' lang='lat' dir='ltr'>ea,</span> <span class='ocrx_word' id='word_1_55' title='bbox 1937 1451 2096 1517; x_wconf 88' lang='lat' dir='ltr'>quae</span> <span class='ocrx_word' id='word_1_56' title='bbox 2130 1434 2264 1515; x_wconf 86' lang='lat' dir='ltr'>jam</span> <span class='ocrx_word' id='word_1_57' title='bbox 2306 1428 2537 1494; x_wconf 89' lang='lat' dir='ltr'>alicubi</span> <span class='ocrx_word' id='word_1_58' title='bbox 2573 1425 2847 1495; x_wconf 88' lang='lat' dir='ltr'>vidimus</span> <span class='ocrx_word' id='word_1_59' title='bbox 2882 1431 3008 1502; x_wconf 87' lang='lat' dir='ltr'>hue</span> <span class='ocrx_word' id='word_1_60' title='bbox 3037 1432 3281 1500; x_wconf 86' lang='lat' dir='ltr'>facien-</span> 
     </span>
     <span class='ocr_line' id='line_1_9' title="bbox 1163 1514 3289 1608; baseline -0.002 -22"><span class='ocrx_word' id='word_1_61' title='bbox 1163 1521 1288 1587; x_wconf 87' lang='lat' dir='ltr'>tia:</span> <span class='ocrx_word' id='word_1_62' title='bbox 1322 1519 1518 1585; x_wconf 82' lang='grc' dir='ltr'><strong><em>Ὅταν</em></strong></span> <span class='ocrx_word' id='word_1_63' title='bbox 1555 1521 1651 1584; x_wconf 77' lang='grc' dir='ltr'>τινὶ</span> <span class='ocrx_word' id='word_1_64' title='bbox 1687 1523 1905 1597; x_wconf 73' lang='grc' dir='ltr'>μέλλῃς</span> <span class='ocrx_word' id='word_1_65' title='bbox 1940 1521 2335 1598; x_wconf 69' lang='grc' dir='ltr'>συμζάλλειν,</span> <span class='ocrx_word' id='word_1_66' title='bbox 2379 1516 2476 1576; x_wconf 66' lang='grc' dir='ltr'>καὶ</span> <span class='ocrx_word' id='word_1_67' title='bbox 2513 1514 2746 1590; x_wconf 68' lang='grc' dir='ltr'><strong><em>μέλις-α</em></strong></span> <span class='ocrx_word' id='word_1_68' title='bbox 2780 1514 2893 1577; x_wconf 72' lang='grc' dir='ltr'>τῶν</span> <span class='ocrx_word' id='word_1_69' title='bbox 2925 1520 2988 1579; x_wconf 76' lang='grc' dir='ltr'>ἐν</span> <span class='ocrx_word' id='word_1_70' title='bbox 3028 1516 3289 1608; x_wconf 62' lang='grc' dir='ltr'><strong>ὑπεροχῇ</strong></span> 
     </span>
     <span class='ocr_line' id='line_1_10' title="bbox 1162 1597 3290 1693; baseline -0.002 -23"><span class='ocrx_word' id='word_1_71' title='bbox 1162 1602 1506 1675; x_wconf 74' lang='grc' dir='ltr'><strong><em>δοκούντων,</em></strong></span> <span class='ocrx_word' id='word_1_72' title='bbox 1553 1607 1816 1687; x_wconf 66' lang='grc' dir='ltr'>ω’ρόζξαλε</span> <span class='ocrx_word' id='word_1_73' title='bbox 1860 1601 2086 1689; x_wconf 70' lang='grc' dir='ltr'><em>σαυτῷ,</em></span> <span class='ocrx_word' id='word_1_74' title='bbox 2147 1611 2204 1667; x_wconf 73' lang='grc' dir='ltr'>τί</span> <span class='ocrx_word' id='word_1_75' title='bbox 2239 1599 2309 1665; x_wconf 77' lang='grc' dir='ltr'>οἶν</span> <span class='ocrx_word' id='word_1_76' title='bbox 2352 1600 2617 1667; x_wconf 64' lang='grc' dir='ltr'>ἐποίησεν</span> <span class='ocrx_word' id='word_1_77' title='bbox 2657 1601 2722 1661; x_wconf 65' lang='grc' dir='ltr'>ἐν</span> <span class='ocrx_word' id='word_1_78' title='bbox 2759 1597 2937 1679; x_wconf 66' lang='grc' dir='ltr'><strong>’τούτῳ</strong></span> <span class='ocrx_word' id='word_1_79' title='bbox 2981 1605 3290 1693; x_wconf 71' lang='grc' dir='ltr'>Σωκράτης</span> 
     </span>
     <span class='ocr_line' id='line_1_11' title="bbox 1139 1681 3289 1773; baseline -0.005 -19"><span class='ocrx_word' id='word_1_80' title='bbox 1139 1689 1202 1762; x_wconf 67' lang='grc' dir='ltr'>,ὅ</span> <span class='ocrx_word' id='word_1_81' title='bbox 1237 1688 1441 1758; x_wconf 74' lang='grc' dir='ltr'><strong><em>Ζήνων.</em></strong></span> <span class='ocrx_word' id='word_1_82' title='bbox 1533 1692 1643 1751; x_wconf 80' lang='grc' dir='ltr'>Καὶ</span> <span class='ocrx_word' id='word_1_83' title='bbox 1684 1687 1784 1750; x_wconf 79' lang='grc' dir='ltr'>οὐκ</span> <span class='ocrx_word' id='word_1_84' title='bbox 1829 1684 2118 1773; x_wconf 77' lang='grc' dir='ltr'><strong><em>ἀπορήσεις</em></strong></span> <span class='ocrx_word' id='word_1_85' title='bbox 2162 1732 2179 1759; x_wconf 89' lang='grc'><em>,</em></span> <span class='ocrx_word' id='word_1_86' title='bbox 2232 1681 2332 1748; x_wconf 83' lang='grc' dir='ltr'>τοῦ</span> <span class='ocrx_word' id='word_1_87' title='bbox 2389 1681 2711 1769; x_wconf 61' lang='grc' dir='ltr'>χρήσασθαι</span> <span class='ocrx_word' id='word_1_88' title='bbox 2768 1685 3168 1767; x_wconf 69' lang='grc' dir='ltr'><strong><em>ωροσηιόντως</em></strong></span> <span class='ocrx_word' id='word_1_89' title='bbox 3207 1687 3289 1773; x_wconf 69' lang='grc' dir='ltr'>τῷ</span> 
     </span>
     <span class='ocr_line' id='line_1_12' title="bbox 1160 1765 3290 1852; baseline -0.006 -14"><span class='ocrx_word' id='word_1_90' title='bbox 1160 1774 1486 1852; x_wconf 71' lang='grc' dir='ltr'><strong><em>ἐμπεσόντι.</em></strong></span> <span class='ocrx_word' id='word_1_91' title='bbox 1568 1769 1654 1834; x_wconf 88' lang='grc' dir='ltr'>Η.</span> <span class='ocrx_word' id='word_1_92' title='bbox 1693 1768 1768 1833; x_wconf 91' lang='grc' dir='ltr'>Ε.</span> <span class='ocrx_word' id='word_1_93' title='bbox 1808 1785 1879 1835; x_wconf 91' lang='lat' dir='ltr'>ut</span> <span class='ocrx_word' id='word_1_94' title='bbox 1917 1771 2112 1834; x_wconf 85' lang='lat' dir='ltr'>vertit</span> <span class='ocrx_word' id='word_1_95' title='bbox 2146 1768 2222 1831; x_wconf 88' lang='lat' dir='ltr'>A.</span> <span class='ocrx_word' id='word_1_96' title='bbox 2258 1765 2552 1834; x_wconf 81' lang='lat' dir='ltr'><strong>Politian.</strong></span> <span class='ocrx_word' id='word_1_97' title='bbox 2592 1765 2985 1849; x_wconf 81' lang='lat' dir='ltr'>Congreffums</span> <span class='ocrx_word' id='word_1_98' title='bbox 3016 1786 3139 1834; x_wconf 83' lang='lat' dir='ltr'>cum</span> <span class='ocrx_word' id='word_1_99' title='bbox 3174 1773 3290 1835; x_wconf 76' lang='lat' dir='ltr'>ali.</span> 
     </span>
     <span class='ocr_line' id='line_1_13' title="bbox 1163 1846 3290 1941; baseline -0.001 -21"><span class='ocrx_word' id='word_1_100' title='bbox 1163 1876 1273 1941; x_wconf 81' lang='lat' dir='ltr'>quo</span> <span class='ocrx_word' id='word_1_101' title='bbox 1305 1856 1377 1930; x_wconf 62' lang='grc' dir='ltr'>δ’)</span> <span class='ocrx_word' id='word_1_102' title='bbox 1409 1872 1592 1919; x_wconf 79' lang='lat' dir='ltr'>eorum</span> <span class='ocrx_word' id='word_1_103' title='bbox 1624 1853 1985 1936; x_wconf 82' lang='lat' dir='ltr'>praesertim,</span> <span class='ocrx_word' id='word_1_104' title='bbox 2011 1853 2111 1936; x_wconf 80' lang='lat' dir='ltr'>qui</span> <span class='ocrx_word' id='word_1_105' title='bbox 2139 1851 2469 1934; x_wconf 76' lang='lat' dir='ltr'>potentiores</span> <span class='ocrx_word' id='word_1_106' title='bbox 2500 1846 2798 1922; x_wconf 77' lang='lat' dir='ltr'>videntur,</span> <span class='ocrx_word' id='word_1_107' title='bbox 2836 1859 3107 1931; x_wconf 81' lang='lat' dir='ltr'><em>praepone</em></span> <span class='ocrx_word' id='word_1_108' title='bbox 3140 1856 3247 1919; x_wconf 77' lang='lat' dir='ltr'>tibi</span> <span class='ocrx_word' id='word_1_109' title='bbox 3262 1865 3290 1936; x_wconf 66' lang='lat'>⁴,</span> 
     </span>
     <span class='ocr_line' id='line_1_14' title="bbox 1156 1928 3295 2024; baseline -0.006 -20"><span class='ocrx_word' id='word_1_110' title='bbox 1156 1939 1303 2024; x_wconf 74' lang='lat' dir='ltr'>quid</span> <span class='ocrx_word' id='word_1_111' title='bbox 1329 1941 1393 2003; x_wconf 81' lang='lat' dir='ltr'>in</span> <span class='ocrx_word' id='word_1_112' title='bbox 1424 1938 1521 2001; x_wconf 83' lang='lat' dir='ltr'>boc</span> <span class='ocrx_word' id='word_1_113' title='bbox 1539 1935 1758 2017; x_wconf 76' lang='lat' dir='ltr'>seciffet</span> <span class='ocrx_word' id='word_1_114' title='bbox 1789 1936 2038 1998; x_wconf 77' lang='lat' dir='ltr'><em>Socrates</em></span> <span class='ocrx_word' id='word_1_115' title='bbox 2058 1978 2078 2011; x_wconf 91' lang='lat'>,</span> <span class='ocrx_word' id='word_1_116' title='bbox 2125 1943 2225 1994; x_wconf 76' lang='lat' dir='ltr'>aut</span> <span class='ocrx_word' id='word_1_117' title='bbox 2261 1929 2413 1996; x_wconf 81' lang='lat' dir='ltr'>Zeno</span> <span class='ocrx_word' id='word_1_118' title='bbox 2449 1947 2473 1992; x_wconf 90' lang='lat'>.·</span> <span class='ocrx_word' id='word_1_119' title='bbox 2535 1943 2709 2009; x_wconf 82' lang='lat' dir='ltr'>neque</span> <span class='ocrx_word' id='word_1_120' title='bbox 2739 1928 3055 2009; x_wconf 66' lang='lat' dir='ltr'>dubitabis,</span> <span class='ocrx_word' id='word_1_121' title='bbox 3100 1953 3207 2018; x_wconf 76' lang='lat' dir='ltr'>quo</span> <span class='ocrx_word' id='word_1_122' title='bbox 3237 1949 3295 2001; x_wconf 67' lang='grc' dir='ltr'>ιε</span> 
     </span>
    </p>

    <p class='ocr_par' dir='ltr' id='par_1_5' title="bbox 1237 2005 3293 2106">
     <span class='ocr_line' id='line_1_15' title="bbox 1237 2005 3293 2106; baseline -0.002 -20"><span class='ocrx_word' id='word_1_123' title='bbox 1237 2020 1322 2087; x_wconf 71' lang='lat' dir='ltr'>eto</span> <span class='ocrx_word' id='word_1_124' title='bbox 1363 2037 1564 2106; x_wconf 84' lang='lat' dir='ltr'><em>gerere</em></span> <span class='ocrx_word' id='word_1_125' title='bbox 1598 2028 1860 2100; x_wconf 54' lang='lat' dir='ltr'>oporteat.</span> <span class='ocrx_word' id='word_1_126' title='bbox 1939 2012 2036 2078; x_wconf 86' lang='lat' dir='ltr'>Ita</span> <span class='ocrx_word' id='word_1_127' title='bbox 2089 2011 2151 2076; x_wconf 71' lang='grc' dir='ltr'>δε</span> <span class='ocrx_word' id='word_1_128' title='bbox 2194 2010 2305 2079; x_wconf 90' lang='lat' dir='ltr'>sub</span> <span class='ocrx_word' id='word_1_129' title='bbox 2361 2007 2473 2075; x_wconf 86' lang='lat' dir='ltr'>fin.</span> <span class='ocrx_word' id='word_1_130' title='bbox 2533 2005 2626 2073; x_wconf 89' lang='lat' dir='ltr'>Ca</span> <span class='ocrx_word' id='word_1_131' title='bbox 2675 2058 2690 2072; x_wconf 89' lang='lat'><strong>.</strong></span> <span class='ocrx_word' id='word_1_132' title='bbox 2733 2006 2921 2078; x_wconf 86' lang='lat' dir='ltr'><strong>XXI.</strong></span> <span class='ocrx_word' id='word_1_133' title='bbox 2974 2010 3293 2098; x_wconf 76' lang='lat' dir='ltr'><strong>Diogenis</strong></span> 
     </span>
    </p>

    <p class='ocr_par' dir='ltr' id='par_1_6' title="bbox 1166 2090 3291 2265">
     <span class='ocr_line' id='line_1_16' title="bbox 1190 2090 3291 2181; baseline 0 -13"><span class='ocrx_word' id='word_1_134' title='bbox 1190 2104 1376 2168; x_wconf 89' lang='lat' dir='ltr'>audat</span> <span class='ocrx_word' id='word_1_135' title='bbox 1423 2098 1486 2161; x_wconf 72' lang='grc' dir='ltr'>ὅ(</span> <span class='ocrx_word' id='word_1_136' title='bbox 1540 2094 1848 2159; x_wconf 85' lang='lat' dir='ltr'>Heracliti</span> <span class='ocrx_word' id='word_1_137' title='bbox 1904 2095 2200 2181; x_wconf 82' lang='lat' dir='ltr'>exempla</span> <span class='ocrx_word' id='word_1_138' title='bbox 2248 2110 2440 2179; x_wconf 89' lang='lat' dir='ltr'>atque</span> <span class='ocrx_word' id='word_1_139' title='bbox 2491 2090 2624 2157; x_wconf 83' lang='lat' dir='ltr'>fimi</span> <span class='ocrx_word' id='word_1_140' title='bbox 2653 2092 2802 2161; x_wconf 89' lang='lat' dir='ltr'>ium.</span> <span class='ocrx_word' id='word_1_141' title='bbox 2890 2094 3016 2163; x_wconf 88' lang='lat' dir='ltr'>Sed</span> <span class='ocrx_word' id='word_1_142' title='bbox 3064 2096 3147 2164; x_wconf 88' lang='lat' dir='ltr'>de</span> <span class='ocrx_word' id='word_1_143' title='bbox 3193 2097 3291 2168; x_wconf 73' lang='lat' dir='ltr'>his</span> 
     </span>
     <span class='ocr_line' id='line_1_17' title="bbox 1166 2174 2655 2265; baseline -0.007 -12"><span class='ocrx_word' id='word_1_144' title='bbox 1166 2186 1351 2262; x_wconf 72' lang='lat' dir='ltr'>aliaS,</span> <span class='ocrx_word' id='word_1_145' title='bbox 1399 2180 1675 2261; x_wconf 86' lang='lat' dir='ltr'>alibique</span> <span class='ocrx_word' id='word_1_146' title='bbox 1709 2178 1774 2243; x_wconf 90' lang='lat' dir='ltr'>in</span> <span class='ocrx_word' id='word_1_147' title='bbox 1811 2180 2164 2265; x_wconf 85' lang='lat' dir='ltr'>praeceptis</span> <span class='ocrx_word' id='word_1_148' title='bbox 2195 2174 2655 2248; x_wconf 76' lang='lat' dir='ltr'>convivalibus.</span> 
     </span>
    </p>
   </div>
   <div class='ocr_carea' id='block_1_4' title="bbox 1365 2371 3111 2766">
    <p class='ocr_par' dir='ltr' id='par_1_7' title="bbox 1365 2371 3087 2560">
     <span class='ocr_line' id='line_1_18' title="bbox 1365 2371 3087 2463; baseline 0.004 -23"><span class='ocrx_word' id='word_1_149' title='bbox 1365 2371 1729 2440; x_wconf 86' lang='lat' dir='ltr'>Multorum</span> <span class='ocrx_word' id='word_1_150' title='bbox 1771 2372 1941 2441; x_wconf 87' lang='lat' dir='ltr'>disce</span> <span class='ocrx_word' id='word_1_151' title='bbox 1979 2376 2324 2463; x_wconf 87' lang='lat' dir='ltr'>exemplo,</span> <span class='ocrx_word' id='word_1_152' title='bbox 2370 2394 2533 2463; x_wconf 89' lang='lat' dir='ltr'>quae</span> <span class='ocrx_word' id='word_1_153' title='bbox 2569 2373 2738 2444; x_wconf 66' lang='lat' dir='ltr'>faeta</span> <span class='ocrx_word' id='word_1_154' title='bbox 2771 2374 3087 2463; x_wconf 81' lang='lat' dir='ltr'>sequaris,</span> 
     </span>
     <span class='ocr_line' id='line_1_19' title="bbox 1471 2470 2810 2560; baseline 0 -20"><span class='ocrx_word' id='word_1_155' title='bbox 1471 2471 1656 2559; x_wconf 87' lang='lat' dir='ltr'>Quae</span> <span class='ocrx_word' id='word_1_156' title='bbox 1687 2470 1929 2560; x_wconf 76' lang='lat' dir='ltr'>fugiaS,</span> <span class='ocrx_word' id='word_1_157' title='bbox 1975 2476 2220 2544; x_wconf 84' lang='lat' dir='ltr'>damnis</span> <span class='ocrx_word' id='word_1_158' title='bbox 2254 2475 2497 2542; x_wconf 89' lang='lat' dir='ltr'>cautior</span> <span class='ocrx_word' id='word_1_159' title='bbox 2535 2476 2810 2546; x_wconf 81' lang='lat' dir='ltr'>alterius.</span> 
     </span>
    </p>

    <p class='ocr_par' dir='ltr' id='par_1_8' title="bbox 1368 2565 3111 2766">
     <span class='ocr_line' id='line_1_20' title="bbox 1368 2565 2775 2660; baseline 0.006 -25"><span class='ocrx_word' id='word_1_160' title='bbox 1368 2565 1603 2635; x_wconf 84' lang='lat' dir='ltr'>Utilius</span> <span class='ocrx_word' id='word_1_161' title='bbox 1632 2572 1817 2637; x_wconf 88' lang='lat' dir='ltr'>nobis</span> <span class='ocrx_word' id='word_1_162' title='bbox 1836 2618 1857 2651; x_wconf 85' lang='lat'>‚</span> <span class='ocrx_word' id='word_1_163' title='bbox 1905 2574 2039 2641; x_wconf 88' lang='lat' dir='ltr'>vita</span> <span class='ocrx_word' id='word_1_164' title='bbox 2075 2572 2169 2641; x_wconf 88' lang='lat' dir='ltr'>est</span> <span class='ocrx_word' id='word_1_165' title='bbox 2199 2574 2406 2641; x_wconf 89' lang='lat' dir='ltr'>aliena</span> <span class='ocrx_word' id='word_1_166' title='bbox 2440 2572 2775 2660; x_wconf 86' lang='lat' dir='ltr'>magistra,</span> 
     </span>
     <span class='ocr_line' id='line_1_21' title="bbox 1469 2667 3111 2766; baseline 0.003 -30"><span class='ocrx_word' id='word_1_167' title='bbox 1469 2667 1683 2766; x_wconf 83' lang='lat' dir='ltr'>Quam</span> <span class='ocrx_word' id='word_1_168' title='bbox 1712 2668 2259 2758; x_wconf 80' lang='lat' dir='ltr'>fugiendorum&amp;</span> <span class='ocrx_word' id='word_1_169' title='bbox 2293 2690 2411 2739; x_wconf 88' lang='lat' dir='ltr'>nos</span> <span class='ocrx_word' id='word_1_170' title='bbox 2446 2672 2833 2741; x_wconf 88' lang='lat' dir='ltr'>documenta</span> <span class='ocrx_word' id='word_1_171' title='bbox 2868 2674 3111 2743; x_wconf 77' lang='lat' dir='ltr'>damus,</span> 
     </span>
    </p>
   </div>
   <div class='ocr_carea' id='block_1_5' title="bbox 1627 2861 3270 3252">
    <p class='ocr_par' dir='ltr' id='par_1_9' title="bbox 1627 2861 3270 3252">
     <span class='ocr_line' id='line_1_22' title="bbox 2056 2861 3135 2956; baseline -0.002 -19"><span class='ocrx_word' id='word_1_172' title='bbox 2056 2870 2341 2937; x_wconf 78' lang='lat' dir='ltr'>D’autrui</span> <span class='ocrx_word' id='word_1_173' title='bbox 2368 2868 2655 2956; x_wconf 79' lang='lat' dir='ltr'>l’exempze</span> <span class='ocrx_word' id='word_1_174' title='bbox 2685 2861 2765 2952; x_wconf 77' lang='lat' dir='ltr'>est</span> <span class='ocrx_word' id='word_1_175' title='bbox 2799 2868 3095 2954; x_wconf 78' lang='lat' dir='ltr'>neceffaire</span> <span class='ocrx_word' id='word_1_176' title='bbox 3108 2910 3135 2947; x_wconf 85' lang='lat'><strong>,</strong></span> 
     </span>
     <span class='ocr_line' id='line_1_23' title="bbox 1629 2964 3270 3055; baseline 0.001 -21"><span class='ocrx_word' id='word_1_177' title='bbox 1629 2964 1796 3034; x_wconf 81' lang='lat' dir='ltr'>Pour</span> <span class='ocrx_word' id='word_1_178' title='bbox 1831 2968 1962 3034; x_wconf 70' lang='lat' dir='ltr'>vair</span> <span class='ocrx_word' id='word_1_179' title='bbox 1994 2985 2055 3033; x_wconf 79' lang='lat' dir='ltr'>ce</span> <span class='ocrx_word' id='word_1_180' title='bbox 2088 2970 2192 3055; x_wconf 78' lang='lat' dir='ltr'>qui</span> <span class='ocrx_word' id='word_1_181' title='bbox 2220 2964 2485 3035; x_wconf 62' lang='lat' dir='ltr'>convient</span> <span class='ocrx_word' id='word_1_182' title='bbox 2519 2970 2660 3036; x_wconf 72' lang='lat' dir='ltr'>dans</span> <span class='ocrx_word' id='word_1_183' title='bbox 2695 2970 2775 3034; x_wconf 85' lang='lat' dir='ltr'>les</span> <span class='ocrx_word' id='word_1_184' title='bbox 2806 2967 3069 3052; x_wconf 81' lang='lat' dir='ltr'>occafions</span> <span class='ocrx_word' id='word_1_185' title='bbox 3087 2992 3115 3036; x_wconf 80' lang='lat'>.-</span> <span class='ocrx_word' id='word_1_186' title='bbox 3263 3012 3270 3018; x_wconf 93' lang='lat'><em>-</em></span> 
     </span>
     <span class='ocr_line' id='line_1_24' title="bbox 1628 3061 3245 3156; baseline 0.003 -24"><span class='ocrx_word' id='word_1_187' title='bbox 1628 3061 1902 3151; x_wconf 82' lang='lat' dir='ltr'>Ignorant</span> <span class='ocrx_word' id='word_1_188' title='bbox 1930 3085 1992 3133; x_wconf 79' lang='lat' dir='ltr'>ce</span> <span class='ocrx_word' id='word_1_189' title='bbox 2024 3069 2170 3153; x_wconf 81' lang='lat' dir='ltr'>qu’il</span> <span class='ocrx_word' id='word_1_190' title='bbox 2187 3065 2369 3149; x_wconf 79' lang='lat' dir='ltr'>faut,</span> <span class='ocrx_word' id='word_1_191' title='bbox 2410 3089 2482 3135; x_wconf 82' lang='lat' dir='ltr'>ou</span> <span class='ocrx_word' id='word_1_192' title='bbox 2496 3067 2657 3150; x_wconf 82' lang='lat' dir='ltr'>faire</span> <span class='ocrx_word' id='word_1_193' title='bbox 2675 3112 2700 3147; x_wconf 89' lang='lat'>,</span> <span class='ocrx_word' id='word_1_194' title='bbox 2725 3089 2796 3136; x_wconf 84' lang='lat' dir='ltr'>ou</span> <span class='ocrx_word' id='word_1_195' title='bbox 2826 3088 2895 3133; x_wconf 86' lang='lat' dir='ltr'>ne</span> <span class='ocrx_word' id='word_1_196' title='bbox 2917 3084 3026 3155; x_wconf 78' lang='lat' dir='ltr'>pas</span> <span class='ocrx_word' id='word_1_197' title='bbox 3039 3068 3245 3156; x_wconf 67' lang='lat' dir='ltr'>scire.</span> 
     </span>
     <span class='ocr_line' id='line_1_25' title="bbox 1627 3159 3008 3252; baseline 0.005 -25"><span class='ocrx_word' id='word_1_198' title='bbox 1627 3159 1730 3233; x_wconf 80' lang='lat' dir='ltr'>De</span> <span class='ocrx_word' id='word_1_199' title='bbox 1763 3181 1823 3228; x_wconf 81' lang='lat' dir='ltr'>ce</span> <span class='ocrx_word' id='word_1_200' title='bbox 1853 3163 2057 3233; x_wconf 78' lang='lat' dir='ltr'>maim</span> <span class='ocrx_word' id='word_1_201' title='bbox 2070 3164 2291 3248; x_wconf 76' lang='lat' dir='ltr'>savam</span> <span class='ocrx_word' id='word_1_202' title='bbox 2313 3177 2487 3250; x_wconf 81' lang='lat' dir='ltr'><em>prens</em></span> <span class='ocrx_word' id='word_1_203' title='bbox 2520 3166 2600 3233; x_wconf 79' lang='lat' dir='ltr'>les</span> <span class='ocrx_word' id='word_1_204' title='bbox 2629 3159 3008 3252; x_wconf 69' lang='lat' dir='ltr'>infirufflons.</span> 
     </span>
    </p>
   </div>
   <div class='ocr_carea' id='block_1_6' title="bbox 1748 3485 2753 4153">
    <p class='ocr_par' dir='ltr' id='par_1_10' title="bbox 1748 3485 2753 4153">
     <span class='ocr_line' id='line_1_26' title="bbox 1748 3485 2753 4153; baseline 0 1681"><span class='ocrx_word' id='word_1_205' title='bbox 1748 3485 2753 4153; x_wconf 95' lang='lat' dir='ltr'> </span> 
     </span>
    </p>
   </div>
   <div class='ocr_carea' id='block_1_7' title="bbox 2122 4464 3303 4561">
    <p class='ocr_par' dir='ltr' id='par_1_11' title="bbox 2122 4464 3303 4561">
     <span class='ocr_line' id='line_1_27' title="bbox 2122 4464 3303 4561; baseline 0.014 -22"><span class='ocrx_word' id='word_1_206' title='bbox 2122 4464 2230 4540; x_wconf 67' lang='lat' dir='ltr'>Bb</span> <span class='ocrx_word' id='word_1_207' title='bbox 2265 4484 2315 4561; x_wconf 78' lang='lat'><strong>5</strong></span> <span class='ocrx_word' id='word_1_208' title='bbox 2838 4467 3303 4556; x_wconf 57' lang='lat' dir='ltr'>LXXXV&amp;</span> 
     </span>
    </p>
   </div>
  </div>
 </body>
</html>
