4500 5834
707 776 778 872 ηε
876 801 880 806 -
929 750 1562 848 mrsronm'cnrrrcn

704 1004 802 1073 Porro
819 1018 834 1067 ε·
863 1000 897 1066 st
914 999 977 1084 quis
990 1014 1087 1112 miore
1098 996 1201 1112 velis,
1225 997 1276 1063 uel
1290 994 1393 1085 differre
1408 1016 1517 1116 amore
1536 999 1657 1080 levari,
1774 1043 1777 1050 .

859 1093 1618 1310 similituninem

857 1293 919 1363 Per
935 1292 1150 1381 noseorum
1164 1294 1247 1361 vitiu
1262 1293 1435 1414 traducitur
1451 1314 1564 1364 amca

705 1460 805 1531 Addit
821 1460 909 1529 enim
925 1454 1041 1533 deinde
1060 1457 1146 1546 ipse.
1169 1459 1245 1544 Jcnt
1261 1459 1455 1545 ommosmt,
1462 1457 1517 1540 niss
1526 1459 1639 1542 fallor,
1655 1465 1780 1561 scindo,

705 1545 913 1629 Pluribusque
930 1542 1015 1610 hanc
1031 1539 1118 1611 suam
1143 1540 1291 1612 defendit
1316 1543 1601 1628 emendationem,
1624 1540 1773 1642 quievi

705 1630 839 1697 deantur
857 1624 1020 1713 apudis
1012 1647 1087 1706 um,
1116 1626 1150 1692 in
1171 1623 1402 1694 Dissertatione
1426 1629 1516 1712 ejus,
1540 1647 1635 1712 quam
1654 1621 1779 1715 saepim

705 1714 892 1789 citavimus,
916 1727 961 1795 po
1034 1729 1101 1778 ore.
1143 1707 1215 1780 Nos
1230 1709 1315 1796 quafi
1341 1709 1528 1791 ludibundi,
1552 1731 1594 1777 ne
1613 1711 1702 1781 locus
1720 1714 1773 1780 hic

704 1797 787 1865 inter
806 1754 1057 1890 Epigrammatia
1074 1790 1180 1860 nostra
1193 1813 1314 1860 vacuus
1331 1791 1462 1872 existat,
1487 1792 1773 1890 praefatiunculam

703 1882 787 1949 hanc
801 1878 963 1965 elegracae
982 1896 1186 1947 mrmcrorum
1202 1874 1329 1944 formae
1345 1875 1523 1944 adstrillam
1540 1878 1709 1947 reddimus

783 2041 924 2113 Telluris
947 2043 970 2112 fi
994 2040 1082 2110 sorte
1107 2041 1190 2108 velis
1214 2042 1408 2130 cognoscere
1434 2044 1560 2123 cultus,
1645 2126 1653 2143 Ι

856 2185 1026 2274 Virgilium
1043 2183 1166 2271 legito,
1190 2188 1242 2254 cui
1260 2206 1391 2274 quoque
1408 2208 1546 2274 magna,
1568 2189 1671 2257 Pales.
1768 2271 1773 2277 ¹
1801 2151 1810 2169 '

783 2338 966 2412 Herbuum
981 2337 1067 2404 vires
1081 2338 1169 2424 quod
1185 2334 1208 2403 li
1226 2358 1321 2425 mage
1341 2338 1429 2409 nolle
1447 2340 1593 2418 laboras,

855 2481 1055 2550 Carminibus
1073 2481 1161 2549 dicet
1178 2500 1255 2569 quas
1275 2482 1359 2562 tibi,
1381 2480 1486 2562 disce,
1509 2483 1632 2557 Macer.
1767 2490 1775 2584 J

781 2625 976 2696 SiRomana
991 2622 1099 2709 cupis,
1121 2622 1269 2694 sicivica
1284 2577 1416 2693 noscere
1433 2627 1541 2706 bella,
1768 2593 1770 2598 Ι

856 2768 1024 2842 Lucanum
1041 2791 1194 2859 quaeras3
1220 2729 1474 2863 armavirosque
1492 2792 1595 2845 canet.

610 2951 619 2964 ·
707 2978 712 2990 ,
781 2910 815 2982 Si
829 2909 907 2999 quid
926 2928 1033 2976 amare
1050 2910 1135 2977 libet
1145 2956 1157 2990 ,
1183 2910 1239 2977 vel
1257 2909 1377 2982 discere
1393 2932 1519 2993 amare,
1543 2914 1681 3000 legenti,

855 3060 1020 3133 Nasonem
1037 3063 1144 3150 petito
1161 3079 1171 3128 τ
1194 3059 1283 3147 Naso
1298 3060 1446 3149 magister
1462 3066 1530 3131 erit.
1607 3128 1612 3136 .

787 3214 836 3286 Ut
851 3214 974 3305 sapiens
988 3216 1080 3284 vivas
1097 3212 1143 3281 fin
1159 3228 1267 3281 autem
1284 3232 1359 3281 cura
1376 3213 1436 3280 tibi
1454 3213 1535 3281 haec
1553 3214 1599 3283 est
1608 3237 1620 3297 3
1762 3213 1770 3250 ³

856 3365 1039 3456 Expedient
1053 3364 1181 3431 chartae
1197 3382 1266 3430 rem
1286 3363 1346 3430 tibi
1363 3363 1553 3433 Socraticae.

787 3505 876 3600 Ergo
895 3510 970 3580 ades
987 3508 1019 3575 dc
1028 3554 1041 3589 ,
1063 3513 1145 3596 quae
1163 3506 1200 3575 fit
1216 3506 1398 3594 Sapientia,
1421 3507 1507 3577 disee
1526 3512 1686 3599 legendo:
1755 3567 1765 3599 Ι,

722 3669 728 3676 ·
857 3643 963 3726 Audi,
985 3664 1066 3732 quae
1084 3643 1180 3733 pollis
1198 3643 1339 3726 discere,
1361 3646 1474 3716 &esse
1491 3654 1618 3738 probus
1757 3723 1766 3748 ι,

787 3782 848 3858 Per
864 3808 947 3874 quae
964 3787 1121 3890 semotam
1139 3791 1227 3857 vitiis
1244 3791 1412 3860 deducitur
1429 3813 1567 3877 aevum,
1635 3789 1640 3808 “
1721 3803 1766 3837 ’“·

710 3917 717 3934 ’
858 3925 981 3999 Nonne
1000 3948 1038 3994 ea
1055 3926 1145 4000 mille
1162 3926 1231 3993 aliis
1249 3923 1321 3995 sunt
1336 3929 1463 4014 potiora
1481 3930 1599 3999 libris?

710 4093 882 4244 tm(fflindt
907 4094 1019 4163 Gallus
1044 4063 1153 4159 rioster
1172 4090 1430 4193 Metaphrastes,
1455 4096 1563 4167 Abbas
1585 4098 1633 4164 S*
1646 4101 1703 4164 ss.
1725 4100 1778 4168 sua

805 4195 933 4260 attone,
956 4197 1051 4265 quam
1074 4189 1185 4264 capto
1186 4175 1325 4273 pocta&
1345 4194 1381 4244 ut
1400 4177 1565 4260 solet,o
1547 4182 1660 4265 uinque
1677 4150 1779 4250 inclu-

709 4258 750 4342 sit
766 4225 997 4368 Tetrastichis,
1020 4261 1105 4330 haud
1124 4262 1227 4349 magis
1245 4260 1292 4330 est
1310 4261 1551 4358 dedigparus.
1591 4284 1738 4333 cecam:

1706 4435 1791 4504 Dou
