4500 5834
585 761 660 836 232
815 738 1134 819 HISTORIA
1176 738 1448 823 carrica

593 879 1625 917 ,ηοω-,Μ

586 1030 607 1069 „
627 983 723 1047 etiam
737 984 870 1066 probat,
883 982 924 1045 de
940 979 1087 1045 Divinat.
1100 975 1139 1044 L.
1149 977 1193 1046 II.
1205 976 1285 1067 Cap.
1306 978 1429 1049 XXVI,
1440 986 1493 1067 qui
1513 989 1613 1051 mirari
1622 979 1655 1066 se

585 1112 607 1152 ,‚
627 1068 754 1145 ajebat,
775 1067 846 1149 quod
864 1065 1039 1127 conrident
1058 1065 1219 1147 haruspex,
1239 1064 1408 1149 haospicem
1426 1064 1448 1137 s
1466 1070 1573 1133 ridear.
1600 1068 1657 1131 Ri-

586 1194 611 1232 „
630 1149 685 1213 det
703 1148 817 1224 etiam,
838 1162 925 1211 certe
943 1146 1050 1211 elevat
1068 1147 1309 1230 augurationem
1326 1148 1334 1211 i
1360 1145 1390 1212 se
1399 1149 1505 1233 Augur
1525 1149 1655 1225 Cicero,

586 1232 660 1318 „in
684 1230 796 1296 eodem
821 1230 861 1294 de
884 1228 995 1294 Divin.
1017 1226 1115 1323 [χΙΙ.
1144 1228 1190 1295 Ca
1215 1167 1449 1327 ..XXXiIde
1473 1253 1553 1328 quae
1579 1233 1656 1327 inde

585 1360 606 1399 „
628 1332 717 1408 capp.
737 1311 826 1396 plura
845 1310 1034 1408 sequnntur3
1059 1330 1091 1376 m
1108 1332 1173 1397 quo
1191 1249 1291 1380 irbro
1311 1333 1442 1380 omnem
1460 1315 1656 1381 vaticinandi

585 1442 606 1480 ,‚
626 1410 781 1462 fanonem
807 1396 932 1477 rejicit,
954 1393 1125 1462 &manem
1143 1410 1237 1477 atque
1263 1397 1382 1462 irritam
1399 1399 1505 1464 docet.
1537 1399 1655 1465 Metuo

585 1524 605 1559 „
627 1478 831 1555 mehercle,
855 1497 917 1554 ne,
947 1475 969 1543 fi
994 1479 1102 1543 omnia
1128 1496 1147 1543 a
1173 1480 1248 1543 viris
1268 1477 1459 1564 sapientibus
1482 1484 1591 1547 eadem
1614 1483 1656 1546 de

584 1608 605 1645 „
625 1580 660 1627 re
672 1561 818 1646 prodita,
841 1560 873 1627 in
890 1560 1032 1626 medium
1058 1561 1110 1627 hic
1133 1558 1315 1638 conseram,
1339 1565 1444 1629 taedia
1469 1564 1654 1631 Eruditiori·

585 1690 605 1727 ,‚
625 1646 688 1794 ppg
708 1663 899 1793 {plrirvseehmglo
913 1643 1106 1811 Qigliigitirr
1115 1644 1230 1712 Accius
1250 1644 1398 1713 habuerit
1419 1646 1585 1730 Augures,
1615 1666 1657 1714 ex

583 1772 604 1809 „
757 1748 775 1792 u
838 1749 846 1794 1
921 1748 952 1793 m
1117 1745 1126 1789 ε
1388 1748 1393 1756 ·

661 1901 682 1938 „
704 1853 794 1921 Nihil
811 1857 889 1920 credo
915 1857 1090 1942 auguribus,
1112 1858 1164 1940 qai
1190 1873 1269 1923 atres
1285 1859 1379 1925 aeriis
1397 1858 1525 1925 divitem

661 1998 683 2037 „
703 1955 843 2032 Altero,
859 1954 931 2040 ⁸sucat
956 1967 989 2021 ui
1010 1973 1080 2019 auro
1104 1955 1269 2038 locupletent
1287 1957 1394 2023 damas.

583 2125 604 2164 ‚,
628 2079 673 2145 Ut
692 2099 798 2147 autem
821 2079 991 2167 Dionysius
1014 2079 1119 2146 noster
1142 2077 1263 2159 silium,
1287 2080 1331 2146 ita
1354 2080 1523 2149 Favorinus
1545 2080 1652 2147 Phiio-

583 2209 604 2246 „
627 2163 743 2250 sophus
774 2164 989 2231 adolescentes
1019 2183 1133 2229 omnes
1172 2164 1357 2231 dehortatur
1387 2168 1427 2232 ab
1458 2166 1656 2248 inquisitione

583 2292 604 2329 „
626 2245 804 2315 suturarum
825 2247 855 2313 ἃ
873 2249 1011 2312 satorum
1028 2244 1240 2323 scrutatione,
1264 2251 1353 2333 cujus
1371 2246 1557 2314 sententiam
1575 2245 1653 2311 Gei-

583 2379 604 2416 „
628 2331 685 2397 lius
708 2334 863 2417 exponit,
889 2329 984 2397 Noa.
1004 2329 1136 2396 Atticar.
1155 2327 1194 2395 L.
1210 2328 1297 2396 XIV.
1317 2331 1396 2417 Cap.
1419 2331 1443 2397 1.
1464 2351 1545 2417 quae
1563 2346 1655 2397 tanto

582 2452 604 2489 .
625 2414 788 2499 pulchrior
807 2414 881 2491 est,
911 2415 996 2500 quod
1019 2416 1156 2481 rationes
1179 2414 1286 2499 plures
1307 2436 1380 2481 com
1406 2413 1553 2493 iesiitur,
1577 2434 1653 2493 quas

584 2542 605 2580 „
628 2517 670 2562 ex
690 2497 757 2583 ipso
779 2499 930 2583 scriptore
950 2495 1099 2580 cognosci
1117 2498 1203 2563 maio
1217 2500 1246 2563 ”.
1269 2497 1359 2565 Haec
1377 2437 1553 2564 instiffime
1569 2497 1651 2564 Can·

585 2582 790 2663 negieterns,
820 2582 874 2667 qui
898 2582 1013 2647 deinde
1040 2599 1098 2665 per
1122 2578 1226 2665 Caput
1255 2582 1419 2668 insequens
1439 2582 1514 2649 XII.
1533 2581 1651 2647 Rescri-

584 2676 736 2747 ptorum,
757 2666 850 2732 aliam
868 2664 971 2729 adhuc
987 2662 1097 2728 infistit
1115 2665 1200 2729 viam
1220 2663 1389 2731 refellendi
1413 2666 1652 2743 Boxiromium,

584 2758 735 2832 totusque
760 2749 794 2813 in
815 2769 855 2815 eo
880 2745 955 2823 cst,
987 2746 1078 2829 hujus
1101 2760 1138 2811 ut
1160 2747 1344 2831 opinionem
1367 2769 1384 2814 a
1410 2748 1495 2814 Vero
1517 2749 1653 2815 alienam

583 2849 763 2915 vanamque
793 2831 855 2897 effe
885 2827 1118 2895 evidentisiime
1150 2829 1354 2897 demonstret.
1398 2831 1535 2898 'sannam
1566 2834 1652 2897 enim

584 2914 690 2980 abesse
711 2917 829 2992 docet,
859 2908 1028 2997 (irrisiones
1043 2915 1124 2997 pejus
1146 2932 1165 2976 a
1178 2913 1303 2998 sortibus
1330 2917 1366 2989 i?
1379 2913 1529 3000 sondegiis
1550 2920 1649 2980 obin-

583 3001 689 3083 rurffe‚
712 3020 797 3082 qaam
813 3003 886 3063 inter
903 2997 1024 3063 Gentiles
1044 2999 1124 3061 Viros
1138 3015 1244 3081 graver
1271 2998 1307 3070 δ’
1326 2997 1492 3084 Philosopios
1502 3040 1513 3073 ,
1535 3010 1566 3061 ut
1584 3017 1649 3061 ern·

581 3095 630 3145 rra
644 3079 682 3157 st
700 3084 843 3147 dicendum
862 3125 873 3161 ‚
907 3076 1071 3164 Christianis
1086 3094 1172 3164 atque
1189 3082 1328 3168 scelestae
1346 3084 1445 3147 oneris
1460 3080 1649 3165 sacerdodes

577 3161 714 3251 presteras
735 3165 771 3236 ἃ
783 3165 982 3250 frequentatas
1001 3167 1103 3239 serres,
1126 3175 1158 3227 or
1172 3181 1239 3227 vero
1290 3164 1402 3237 riae&
1417 3164 1507 3231 noae
1526 3164 1650 3248 Parop-

577 3248 666 3334 pbirr
683 3248 821 3313 Arciloco
837 3251 874 3312 ab
890 3249 930 3322 iis,
942 3241 1110 3393 nisiinaipe.
1139 3243 1219 3311 Inde
1256 3249 1307 3313 cil.
1329 3265 1458 3314 caeter
1483 3267 1600 3313 nomen
1619 3244 1652 3310 ἀ

584 3347 900 3406 ccrnrconnrr,
925 3330 1012 3413 quod
1037 3348 1055 3392 a
1078 3329 1142 3394 huc
1166 3329 1262 3396 hodie
1284 3334 1431 3409 obtinet,
1455 3329 1538 3397 suam
1556 3331 1653 3396 traxit

582 3416 750 3498 originem.
773 3415 833 3477 Sed
855 3432 891 3477 ea
911 3431 951 3476 ne
969 3411 1092 3494 longius
1109 3431 1203 3478 nosa
1226 3415 1322 3501 scopo
1342 3418 1500 3482 abducant
1520 3411 1651 3490 nostro,

580 3492 730 3582 legantur
751 3499 782 3562 in
806 3495 876 3581 ipss
899 3494 1096 3581 RescriptiS,
1128 3494 1211 3563 lectu
1234 3497 1305 3564 sane
1327 3519 1424 3583 quam
1445 3497 1651 3583 dignissimis,

580 3581 750 3666 nostraque
770 3579 1051 3645 commendatione
1074 3582 1256 3663 majoribus.

622 3665 786 3730 Porms
808 3683 865 3727 nos
894 3664 962 3740 his,
988 3684 1068 3747 quac
1096 3683 1208 3728 eornm
1227 3665 1344 3731 Antioc
1359 3668 1424 3747 jam
1440 3665 1535 3731 vaide
1552 3664 1651 3748 adpo·

579 3744 638 3814 sate
657 3752 698 3816 ab
719 3745 866 3832 Epicteto
885 3747 1110 3831 adlegaverat,
1134 3747 1242 3814 nostro
1261 3769 1302 3813 ex
1322 3750 1481 3825 instituto,
1505 3749 1580 3814 bina
1597 3763 1651 3812 aut

581 3845 671 3899 terna
701 3833 762 3897 huc
791 3828 983 3915 spectantia,
1006 3831 1157 3911 idemque
1185 3830 1302 3916 plane,
1325 3834 1410 3919 qnod
1430 3831 1460 3894 dt
1479 3833 1533 3896 hic
1549 3832 1649 3895 doce·

580 3929 651 3991 tnr,
675 3916 920 4002 comprobantia
951 3930 1047 3996 atquc
1075 3916 1318 3982 corroborantia
1344 3919 1511 4013 jungamus
1529 3913 1649 3979 Enchi·

578 3998 648 4060 ridii
673 4000 755 4065 iilius
774 4001 891 4084 capita.
936 3993 1065 4081 Nempe
1085 3993 1211 4061 XXiV.
1236 4002 1322 4080 quod
1342 4017 1384 4065 lta
1404 3999 1528 4064 habet:
1554 3998 1647 4082 Κόραξ

577 4079 647 4142 ὅταν
667 4092 705 4159 μὴ
721 4092 808 4150 αἴσιον
831 4088 971 4166 termo,
994 4085 1033 4158 μὴ
1057 4082 1258 4165 συναρπαζέτω
1278 4107 1309 4148 σε
1337 4087 1543 4165 materaria·
1574 4079 1646 4145 ἀλλ’

506 4199 511 4205 ·
573 4163 674 4228 tinne,
703 4164 794 4252 διαίρει
828 4167 911 4253 rete&
933 4160 1069 4249 σεαυτῷ,
1099 4168 1148 4225 καὶ
1171 4173 1261 4251 λέγε,
1285 4173 1325 4233 ὅτι
1351 4172 1455 4233 τούτων
1483 4171 1544 4247 ἐμοὶ
1568 4162 1647 4227 cittii?

573 4244 810 4322 ἐπισημαίνεται,
832 4252 903 4316 ἀλλ’
922 4249 939 4321 ἧ
960 4250 999 4333 τῷ
1016 4254 1155 4329 conano
1182 4276 1257 4327 μου,
1278 4255 1353 4328 irai
1373 4253 1509 4335 κτησιδίῳ
1528 4274 1602 4329 μου,
1626 4244 1646 4317 ti

572 4328 612 4412 τῷ
633 4328 770 4418 δοξαρίῳ,
789 4334 807 4409 ἧ
826 4348 882 4403 τοῖς
897 4339 1017 4407 τέκνοις,
1039 4330 1109 4414 riri
1129 4347 1252 4418 paretes.
1296 4322 1373 4420 'Epiri
1394 4336 1424 4403 si
1444 4344 1548 4405 πάντα
1564 4334 1644 4399 αἴσια

1585 4434 1643 4487 cn·
