4500 5834
693 741 767 836 ¹64
885 746 1232 825 -HlSTORIA
1257 751 1548 832 cumea

693 994 864 1059 numquam
880 978 942 1045 uni
965 979 1110 1065 perdant.
1141 983 1291 1061 Amittit,
1322 984 1436 1062 enim,
1469 989 1569 1051 merito
1591 988 1761 1072 proprium.

677 1062 746 1162 ¹qui
754 1061 880 1129 aliem
895 1061 1013 1147 adpetit.

826 1189 891 1255 ltro
909 1189 946 1263 ii
962 1185 1001 1275 est
1010 1187 1127 1275 solito,
1148 1193 1200 1277 ‘qui
1212 1193 1289 1257 niodo
1310 1191 1421 1280 Croesus
1438 1205 1508 1259 etot.

690 1304 798 1389 Atque
815 1307 848 1372 hi
866 1305 935 1373 sunt
952 1304 996 1369 illi
1016 1305 1181 1390 homines,
1203 1328 1338 1391 quorum
1365 1313 1513 1397 exempla
1528 1334 1653 1380 morum
1670 1310 1762 1378 omni

690 1388 794 1456 studio
810 1389 962 1473 fugienda
980 1383 1047 1452 filio
1064 1390 1215 1474 proponit
1232 1390 1370 1470 Aucl0r‚
1391 1395 1593 1473 dicend0‚ut
1611 1399 1643 1462 in
1662 1395 1758 1461 Lem·

686 1475 856 1623 attibrg:
899 1486 1050 1540 auuau
1081 1488 1217 1553 eucn3
1257 1473 1311 1540 scd
1336 1474 1367 1540 ἃ
1395 1476 1486 1545 istam
1504 1480 1580 1568 suge
1602 1478 1762 1547 Fortunae

732 1577 779 1622 om
837 1575 846 1618 :

821 1665 1085 1755 Constroapotiut,
1107 1690 1180 1755 quoe
1190 1669 1263 1755 suot
1274 1671 1340 1757 jam
1352 1685 1461 1757 porto,
1485 1675 1586 1745 labore.
1669 1673 1695 1740 l.
1718 1671 1758 1740 E.

688 1792 799 1861 Potior
822 1791 881 1857 tibi
910 1788 997 1855 lit&
1020 1793 1209 1887 praecipuus
1236 1793 1346 1872 labor,
1368 1798 1531 1880 quaejam
1549 1793 1759 1882 in'potestate
1830 1862 1835 1872 ,

554 1917 556 1923 ·
689 1876 760 1944 sunt
788 1892 859 1950 tua,
883 1891 920 1939 ca
938 1892 1027 1939 omm
1053 1893 1128 1940 cura
1156 1873 1382 1955 conservandi,
1406 1900 1500 1964 quam
1525 1898 1560 1946 ut
1583 1882 1624 1945 de
1652 1880 1759 1965 acqui·

689 1960 796 2028 tendis
820 1957 889 2023 aliis
907 1956 945 2022 sis
976 1954 1129 2023 solicitus.
1173 1960 1314 2041 Coojtrw
1332 1964 1422 2043 potios
1450 1964 1538 2029 omni
1566 1966 1658 2029 labore
1684 1981 1760 2040 tua,

690 2062 764 2129 quoe
786 2044 851 2130 jam
870 2039 997 2135 labes,
1021 2060 1117 2124 quam
1146 2053 1182 2105 ut
1201 2059 1332 2123 quaeras
1350 2043 1409 2108 alia
1427 2087 1439 2120 ‚
1464 2064 1571 2128 quae,
1594 2045 1673 2112 sisne
1690 2067 1760 2111 um-

689 2144 786 2211 quam
805 2125 966 2190 habrturus
977 2167 988 2199 ‚
1013 2142 1074 2189 nec
1093 2124 1164 2189 ne?
1187 2124 1346 2191 incertum
1364 2124 1431 2192 est:
1457 2128 1606 2211 quoniam
1624 2150 1642 2195 a
1658 2127 1760 2194 fortu-

650 2207 659 2228 '
687 2227 749 2277 uae
766 2209 912 2292 pendent
929 2205 1080 2284 arbitrio,
1098 2226 1193 2288 quam
1211 2206 1336 2274 Stoicus
1354 2209 1454 2275 horno
1473 2213 1661 2277 contemnit.
1686 2210 1761 2278 Per·

715 2294 738 2357 't
754 2291 868 2357 idem:
903 2288 957 2355 Sin
984 2304 1018 2356 tu
1047 2287 1163 2355 feceris
1190 2305 1321 2370 contra3
1345 2293 1378 2358 in
1397 2291 1539 2360 futurum
1566 2293 1762 2361 laboraveris

729 2394 850 2441 mnum.
895 2371 972 2440 Non
996 2392 1082 2439 emm
1104 2374 1170 2454 J'am
1188 2372 1322 2459 amplius
1340 2375 1385 2441 tui
1402 2376 1480 2459 juris
1501 2398 1557 2454 es,
1579 2375 1632 2443 sed
1651 2377 1707 2442 &i
1732 2376 1764 2461 se

688 2457 856 2526 afortuna
880 2456 1020 2540 pendes,
1043 2474 1104 2539 qua
1133 2454 1251 2533 semel,
1274 2472 1309 2523 ut
1336 2457 1408 2525 sane
1439 2458 1520 2525 levis
1547 2458 1612 2539 est,
1635 2480 1695 2527 ave
1724 2481 1763 2540 a,

688 2538 848 2609 subductis
873 2539 905 2604 in
924 2535 990 2603 fine
1014 2537 1210 2618 rationibus,
1239 2539 1389 2607 damnum
1418 2542 1562 2608 invenies
1585 2564 1643 2636 pro
1662 2545 1762 2610 lucro.

689 2622 758 2692 Ubi
775 2638 845 2690 tum
863 2619 981 2685 deinde
1008 2621 1113 2717 omnis
1136 2621 1192 2688 ille
1212 2636 1303 2700 mus,
1327 2622 1440 2692 frustra
1469 2626 1627 2712 impenius
1644 2626 1763 2694 labor?

691 2706 824 2776 Damno
850 2716 986 2788 accepto
1012 2720 1117 2790 penit.
1162 2704 1199 2773 ln
1223 2704 1350 2774 fumum
1368 2709 1456 2775 abiit.
1490 2709 1657 2794 Agricolae
1675 2710 1766 2780 labor

690 2809 766 2859 cum
793 2786 896 2857 fructu
914 2787 1029 2854 iterum
1045 2789 1240 2936 &arcipitmz
1265 2806 1375 2869 tuum,
1394 2812 1512 2876 quern,
1533 2792 1587 2859 ubi
1608 2795 1766 2863 incertum

692 2888 780 2952 erat,
802 2873 835 2940 in
852 2871 983 2937 lucrone
996 2870 1047 2936 col
1061 2874 1226 2950 ocaveris,
1246 2894 1286 2940 an
1300 2875 1333 2940 in
1352 2876 1504 2941 damno?
1527 2876 1591 2942 hoc
1607 2879 1765 2944 accedeu-

692 2973 746 3038 te,
767 2959 799 3024 io
816 2956 939 3034 ἀωηιο,
963 2952 1119 3041 sapores,
1142 2957 1258 3023 iterum
1277 2957 1423 3042 recipito.

813 3097 859 3165 lto
877 3090 997 3181 oitoefl
1014 3098 1178 3173 hominurn,
1200 3094 1281 3183 quast
1299 3117 1362 3162 raon
1377 3098 1597 3184 litiumriserit,

815 3195 850 3261 Si
864 3186 957 3272 illoti,¹
981 3195 1054 3280 quod
1070 3195 1192 3259 maxime
1208 3207 1274 3278 opus
1294 3186 1332 3276 est
1347 3193 1446 3273 iolla,
1468 3215 1521 3259 oon
1537 3198 1632 3274 codol,

785 3304 790 3310 ·
817 3287 914 3379 illud,
938 3293 1010 3378 quod
1028 3292 1128 3355 cecidet
1138 3290 1237 3372 sorte,
1259 3289 1292 3355 id
1307 3303 1370 3354 orte
1387 3304 1419 3356 ut
1436 3294 1572 3378 rorigus.

625 3424 642 3495 .'
693 3433 733 3503 Id
752 3453 832 3501 vero
848 3453 912 3518 quo
937 3432 1041 3498 minus
1068 3426 1146 3504 fiat,
1166 3427 1292 3499 obstare
1308 3431 1351 3496 ait
1369 3427 1487 3495 Noster
1506 3431 1605 3498 diram
1623 3451 1642 3497 e
1664 3429 1770 3498 estatis

694 3516 933 3593 neceffitatem,
955 3510 1066 3579 &effe
1084 3511 1178 3600 saepe
1194 3513 1330 3592 damna,
1341 3511 1428 3580 nulla
1443 3529 1511 3579 arte
1530 3451 1726 3602 repualilia.

750 3646 849 3747 Qum
868 3647 944 3711 labor
959 3644 1106 3708 indomito
1121 3636 1161 3726 est
1179 3639 1294 3726 (periit
1304 3641 1335 3728 ,)
1351 3640 1446 3726 crescit
1461 3646 1584 3710 mortalit
1601 3640 1716 3729 egestas.

692 3763 737 3834 tlt
755 3768 884 3835 dicuntt
906 3768 937 3830 in
953 3768 1053 3829 domm
1071 3762 1123 3849 effe
1140 3763 1277 3834 laborem,
1299 3779 1364 3826 non
1383 3760 1598 3828 effe'latinum
1616 3761 1770 3849 loquendi

636 3875 639 3880 ⁴
694 3850 838 3917 modum.
862 3849 887 3915 li
906 3847 1073 3921 homines,
1095 3843 1151 3910 nisi
1172 3843 1269 3909 semel
1287 3841 1346 3909 scri
1370 3843 1450 3910 srll’et
1470 3845 1646 3929 Virgilius:
1677 3847 1712 3912 lo
1730 3861 1771 3911 te·

695 3937 747 4000 otti
764 3938 842 4000 labor
856 3929 917 4008 eii,
952 3932 1017 4014 jam
1045 3927 1139 4023 nonis
1166 3928 1264 3992 etiam
1285 3862 1537 4013 perfunderent:
1565 3929 1600 3992 lo
1618 3930 1773 4075 tenuisse

697 4015 829 4088 laborem.
843 4017 946 4083 minus
965 4013 1059 4078 latine
1070 4008 1191 4076 dicium
1208 4008 1279 4076 elle.
1306 4008 1383 4104 Quo
1400 4009 1431 4077 se
1449 4033 1513 4077 non
1527 4028 1694 4079 verterunt
1735 4012 1771 4076 tri

588 4164 591 4169 .
699 4095 804 4175 doen,
828 4117 863 4166 ut
881 4097 936 4165 ista
955 4097 988 4163 in
1005 4091 1172 4160 hoc-Dill.
1194 4093 1422 4172 conciliarent,
1446 4115 1528 4180 quae
1556 4096 1681 4162 duriora
1699 4093 1773 4190 iplio

698 4179 908 4261 videbantur,
925 4179 1073 4266 quoniam
1091 4178 1193 4241 minus
1212 4176 1337 4242 obvia?
1356 4177 1484 4245 Taedet
1502 4200 1539 4246 ac
1558 4178 1646 4261 piget
1662 4197 1773 4243 omma

696 4258 816 4330 referre
835 4280 888 4330 aut
906 4281 1047 4331 enarrare
1057 4275 1297 4337 t0t‚tantorum
1309 4259 1693 4347 Virorumm'onupriuora.
1714 4260 1771 4325 So·

697 4345 746 4413 lus
766 4342 837 4411 iere
854 4366 922 4413 rem
938 4348 1045 4434 tetigit
1054 4344 1231 4438 Daunius,
1253 4362 1350 4428 quem
1364 4342 1455 4433 supra
1473 4345 1666 4433 exscriptum
1683 4344 1771 4410 dedi-

1175 4449 1179 4454 ’
1691 4446 1773 4495 mua.
