4500 5834
583 766 660 867 34⁶
809 751 1132 833 maronia
1180 752 1449 833 carmen

1405 883 1660 908 -..........„

582 975 1592 1071 tuam,hoeest,auena-vivamaiterum,utn1nnn
1617 980 1659 1048 de

579 1082 614 1136 te
643 1077 860 1152 Junrcrnr
887 1072 1006 1133 nL11,
1038 1058 1144 1142 rique,
1177 1075 1212 1127 ut
1236 1058 1306 1129 fere
1325 1061 1495 1141 fit,.11›s1
1526 1079 1660 1130 runnu

581 1149 654 1237 Jam
671 1150 727 1215 tibi
743 1138 894 1221 monstrat
914 1137 1019 1236 Cam,
1031 1142 1107 1227 quid
1129 1159 1198 1211 tum
1216 1148 1356 1217 maxime
1371 1145 1439 1214 fieri
1459 1149 1662 1227 conveniat,

577 1234 658 1387 ffirid
674 1232 709 1298 fit
733 1227 766 1291 in
791 1244 832 1292 eo
858 1222 1054 1310 potlffimum
1082 1246 1189 1295 rerum
1209 1228 1290 1297 statu
1320 1232 1661 1298 animadvertendum.

620 1316 679 1390 ud,
705 1325 874 1374 v1vaau
905 1324 1064 1388 ποτε,
1088 1331 1132 1376 ex
1158 1314 1366 1399 oppositionis
1393 1316 1515 1382 ratione
1542 1314 1662 1383 &vir-

579 1412 669 1474 tute,
693 1391 835 1459 declarat
860 1409 972 1457 eorum
990 1391 1053 1459 esse
1079 1395 1286 1476 innumero,
1311 1419 1394 1483 quae
1419 1404 1450 1466 ia
1468 1401 1565 1475 nobis,
1590 1417 1662 1464 no-

576 1493 771 1559 nnarouu
793 1491 900 1541 s1ur
927 1491 1157 1544 Auernum:
1180 1478 1279 1547 Porro
1297 1482 1382 1557 hoc,
1408 1502 1521 1565 Quin
1543 1499 1662 1563 ours-

576 1579 663 1646 ουκ
684 1575 947 1641 aooun'rua,
971 1577 1191 1628 unionum
1211 1580 1356 1631 venun
1375 1567 1557 1650 Judiciaque
1584 1584 1663 1651 per·

576 1643 691 1723 versa,
715 1641 928 1721 effeeorum,
953 1644 1321 1729 quaenmssminmbis.
1352 1649 1663 1727 nnurrn11,in·

577 1731 669 1817 quit,
692 1728 726 1793 id
747 1743 836 1792 nou
857 1744 936 1793 usn
957 1745 1135 1796 nosrni.
1159 1729 1248 1825 Quid
1265 1731 1372 1815 ergo?
1396 1731 1461 1797 Fac
1477 1733 1591 1822 utique
1609 1748 1661 1810 tu,

465 1857 467 1862 -
578 1833 662 1899 quae
680 1809 750 1877 sunt
770 1824 840 1889 ano,
864 1829 950 1905 quae·
964 1827 1099 1890 vetare,
1120 1831 1202 1898 quae
1226 1814 1396 1898 prohibere
1415 1834 1513 1881 nemo
1530 1814 1664 1899 potest,

578 1917 619 1965 ea
639 1910 763 1962 tantum
783 1908 879 1980 atque
898 1912 993 1960 unice
1015 1913 1099 1961 cua
1112 1914 1172 1974 na,
1194 1914 1260 1964 nou
1280 1898 1397 1980 aluno,
1422 1918 1484 1967 nec
1501 1917 1601 1996 penes
1625 1913 1675 1966 te·

578 2000 661 2070 quae
677 1998 742 2049 non
760 1975 840 2046 sunt.
865 1976 979 2063 Itaque

731 2085 797 2158 Nu
827 2106 961 2156 cunas
984 2106 1128 2155 vunan
1160 2104 1394 2156 unionum.

579 2202 676 2304 Quid
696 2205 784 2274 enim
809 2203 867 2272 ista
894 2206 934 2273 ad
955 2207 1017 2274 te?
1043 2226 1124 2293 quae
1143 2205 1214 2273 sunt
1232 2223 1323 2274 extra
1343 2223 1401 2274 te:
1426 2227 1506 2293 quae
1526 2222 1582 2286 te,
1606 2205 1669 2275 nifl

580 2294 663 2362 velis
682 2288 772 2378 ipse,
795 2291 835 2358 ab
857 2291 1012 2359 inchoato
1030 2290 1128 2357 semel
1140 2291 1228 2356 vitae
1246 2292 1391 2358 melioris
1409 2292 1576 2359 deturbare
1594 2311 1668 2358 cur.

579 2376 702 2454 riculo,
724 2375 830 2441 autin
854 2377 922 2457 ejus
948 2376 1092 2460 inpedire
1118 2372 1251 2441 decursu
1280 2375 1371 2441 nullo
1403 2377 1505 2442 modo
1523 2373 1665 2462 poffuut.

580 2459 641 2528 Illa
656 2474 784 2534 autem,
808 2471 903 2541 atque
921 2456 1005 2536 sola,
1027 2458 1190 2545 pertinent
1215 2458 1256 2523 ad
1283 2474 1338 2534 te,
1360 2479 1441 2542 quae
1460 2461 1501 2526 ad
1523 2459 1600 2530 reete
1617 2462 1667 2530 viv

580 2545 669 2615 vendi
681 2542 840 2609 rationem
858 2537 1022 2626 spestant,
1046 2561 1083 2608 ea
1100 2542 1199 2609 etiam
1218 2543 1262 2608 rui
1273 2541 1345 2629 suaa
1363 2545 1499 2626 urbiani,

733 2653 822 2741 Elige
835 2650 866 2736 fi
885 2674 944 2742 qua
955 2657 1089 2742 placent,

580 2784 619 2853 iis
637 2778 676 2849 ns
695 2775 837 2852 intentus
853 2774 947 2857 solis,
971 2778 1009 2846 iis
1027 2795 1113 2847 totus
1130 2779 1318 2860 inhaereas,
1344 2800 1382 2847 ea
1401 2781 1545 2866 cogites:
1569 2773 1664 2855 mini·

582 2886 638 2937 me
651 2880 731 2931 vero
747 2861 974 2948 quodcumque
991 2878 1046 2933 aut
1061 2864 1294 2952 qualecumque
1313 2866 1347 2931 id
1367 2864 1423 2945 iit,
1449 2866 1490 2933 de
1506 2880 1543 2935 te

735 2987 857 3087 Qurn
884 3008 1074 3074 Quisquu
1100 3007 1370 3073 noquauua,

582 3117 650 3189 five
674 3120 708 3188 in
735 3120 852 3190 malam
877 3134 1022 3208 partem,
1044 3116 1110 3184 sive
1136 3120 1234 3187 etiam
1261 3123 1294 3187 in
1322 3124 1461 3205 bonam,
1485 3140 1518 3191 te
1545 3121 1664 3192 scilicet

581 3203 770 3284 laudando,
800 3220 854 3272 aut
879 3202 1104 3289 vituperando.
1136 3203 1186 3269 An
1214 3220 1249 3271 tu
1269 3206 1370 3271 velles
1399 3209 1515 3277 laudari
1540 3206 1664 3276 amalis

583 3304 682 3373 atque
701 3287 882 3376 improbis?
904 3287 1093 3372 Improbum
1113 3306 1192 3371 ergo
1210 3289 1443 3374 malumque&
1461 3308 1585 3360 teaute
1604 3289 1675 3358 effe·

526 3390 531 3399 ·
584 3374 762 3458 oportebit.
790 3372 891 3450 Vide,
917 3390 995 3438 num
1015 3369 1075 3438 tibi
1094 3369 1221 3457 placeat
1241 3375 1413 3443 conditio?

627 3454 769 3523 Inuun
796 3456 892 3534 huic,
918 3456 1042 3521 ratione
1060 3452 1185 3536 sensus,
1211 3455 1460 3526 consentaneum
1487 3462 1669 3531 etiamalio

583 3538 620 3605 in
637 3538 733 3619 loco,
758 3536 836 3625 Cap.
849 3536 973 3605 XVIII.
992 3537 1169 3605 Enchiridii
1179 3587 1192 3621 ,
1215 3557 1308 3626 urget
1325 3542 1490 3629 Epidetus
1509 3549 1668 3648 explicat-

583 3641 648 3706 que
667 3622 808 3689 ulterius.
853 3627 883 3689 Εἰ
906 3625 1060 3712 ωροκόψαι
1089 3622 1204 3701 θέλεις,
1225 3629 1391 3707 ὑπόμεινον,
1415 3631 1497 3695 ἕνεκα
1523 3659 1576 3699 του
1591 3635 1670 3706 &taidi

582 3711 670 3787 ἄνους
685 3705 786 3803 δέξαι,
816 3714 864 3776 καὶ
890 3707 1015 3781 ἠλίθιος.
1039 3708 1141 3781 Μηδὲν
1165 3713 1283 3813 βούλου
1309 3710 1399 3780 δοκεῖν
1420 3718 1593 3793 intendat,
1614 3716 1670 3785 ιοῖν

583 3792 672 3878 δόξῃς
689 3795 760 3860 rub
780 3792 852 3862 εἶναί
868 3816 926 3866 τις,
948 3792 1045 3860 iniret
1066 3812 1189 3880 σεαυτῳ.
1205 3798 1272 3865 '1091
1291 3799 1362 3887 γὰρ,
1384 3800 1425 3864 ὅτι
1443 3800 1475 3863 οὐ
1490 3803 1602 3889 ῥᾴδιον,
1621 3792 1670 3874 adi

582 3884 633 3953 τὴν
651 3887 812 3968 προαίρεσιν
827 3888 876 3957 τὴν
894 3876 1102 3944 redundanti&
1120 3879 1207 3960 φύσιν
1224 3882 1356 3969 ἔχουσαν
1381 3888 1535 3970 φυλάξαι,
1560 3892 1609 3955 eui
1630 3891 1668 3953 rai

585 3964 675 4033 εἰῶς’
697 3964 781 4031 ἀλλὰ
798 3968 844 4033 τόν
862 3967 907 4031 ἑτέ
920 3989 953 4025 ου
971 3964 1210 4044 ἐπιμελούμενον,
1226 3968 1276 4031 τοῦ
1290 3970 1381 4055 ἐτέρου
1397 3971 1548 4055 ἀμελῆσαι
1559 4022 1567 4048 ,
1577 3973 1667 4041 σᾶσᾶ

584 3989 1670 4225 unzin-ruinernmrmrnnnnn

588 4222 636 4278 aas
658 4183 870 4287 verean'ive
885 4216 957 4282 velis
973 4222 1018 4283 rei
1032 4179 1210 4306 ’cujusquam
1223 4239 1333 4307 gnarus
1357 4186 1463 4290 videri
1504 4222 1583 4304 Erfi
1598 4226 1672 4310 qui·

588 4297 639 4397 bro
656 4297 707 4384 effi
722 4301 763 4362 al·
781 4305 826 4369 uis
844 4300 980 4381 videare,
1000 4318 1035 4366 ne
1051 4302 1131 4367 crede
1150 4309 1207 4390 'tibi
1228 4306 1292 4394 ipss.
1338 4305 1414 4374 Scito
1431 4313 1524 4390 enim,
1544 4328 1599 4375 non
1613 4307 1668 4391 so·

587 4381 642 4457 nb
660 4380 733 4471 affe,
801 4381 973 4480 propostam
990 4382 1240 4474 mosacum
1255 4390 1538 4480 ndaranservare,
1557 4392 1596 4471 δ’
1612 4394 1669 4473 iis,
